2617 4617
888 305 1427 406 oea-W
1628 318 1741 433 ιι
1932 330 2073 413 ¹45

73 488 185 572 fis
230 480 427 573 seris
456 491 649 587 dicte
680 492 911 594 Capse
937 495 1012 591 in
1043 518 1188 596 qua
1218 499 1422 577 bulla
1452 480 1757 605 Concilij
1813 504 2169 584 custodie-

77 610 381 706 batur,
436 613 710 689 bullate
741 616 836 696 ab
869 616 998 714 lps
1001 639 1035 692 s
1074 616 1411 698 fecerunt
1434 621 1682 718 plures
1713 617 1958 694 littere
1988 639 2168 695 con-

79 729 429 810 tinentes
466 729 874 828 predictam
903 733 1371 829 pernitiosam
1404 731 1932 812 conclusionem
1977 755 2167 839 pau-

82 866 374 921 corum
434 866 577 942 que
632 862 792 921 erat
845 843 1111 944 scripta
1173 863 1522 962 tanquam
1568 844 1737 927 effet
1785 828 2165 929 decretum

81 963 539 1061 fimpliciter
565 960 745 1040 sacri
765 964 1067 1062 Concilij
1087 1015 1113 1060 ,
1160 963 1488 1043 similiter
1516 965 1585 1041 Q
1618 966 1966 1044 nonnulle
1991 962 2164 1043 mis·

37 1068 259 1152 'five
320 1077 412 1151 ad
468 1074 996 1171 Imperatorem
1019 1124 1023 1129 »
1049 1076 1458 1153 Grecorum
1523 1077 1597 1153 Q
1664 1075 2161 1157 patriarcham

84 1178 1029 1305 Constantinopolitanum,
1075 1194 1168 1270 ‘Q
1220 1195 1393 1294 quia
1428 1197 1612 1275 nihil
1669 1198 1770 1273 ita
1812 1213 2160 1294 opertum

83 1315 250 1408 est,
312 1315 521 1410 quod.
535 1315 925 1413 aliquando
963 1336 1108 1391 non
1141 1314 1563 1422 reveletur,
1606 1312 1785 1398 falsa
1818 1316 1957 1392 hec
1993 1318 2161 1396 bul..

82 1430 283 1520 latio
317 1428 391 1503 Q
420 1427 700 1505 furtiva
727 1428 1070 1526 pervenit
1107 1427 1201 1500 ad
1237 1427 1568 1505 notitiam
1612 1428 1916 1527 Concilij
1961 1431 2158 1514 infra

90 1558 432 1634 quatuor
466 1544 662 1638 dies,
712 1542 1090 1641 statimque
1121 1542 1239 1617 die
1253 1538 1593 1638 *sequenti
1637 1553 1928 1637 captata
1973 1562 2155 1625 una-

87 1657 286 1732 nimi
329 1661 850 1738 deliberatione
895 1662 972 1738 in
1015 1656 1352 1735 omnibus
1384 1672 1702 1754 quatuor
1742 1655 2156 1752 deputatio-

87 1780 318 1869 nibus
364 1781 428 1873 i>
477 1782 865 1859 concilium
938 1780 1228 1857 nemine
1295 1779 1741 1863 reclamante
1794 1772 2158 1852 commisit

89 1895 240 1975 XII
278 1918 369 1972 ex
401 1896 993 1995 prestantioribus
1023 1895 1095 1981 k)
1127 1892 1460 1992 patribus
1489 1892 1981 1991 omnimodam
2012 1911 2152 1994 po-

95 2014 424 2090 testatem
461 2012 869 2111 inquirendi
905 2012 1349 2112 procedendi
1385 2010 1454 2085 Q
1499 2010 1847 2107 puniendi
1897 2028 2151 2095 omnes

97 2134 232 2233 qui
281 2132 787 2213 commiserant
829 2135 976 2212 hoc
1013 2115 1290 2211 crimen
1327 2130 1479 2208 falsi
1531 2130 1600 2206 Q
1633 2146 1888 2208 contra
1926 2138 2189 2228 quos-2?

97 2267 391 2344 cunque
425 2246 843 2333 turbatores
877 2246 1207 2345 Concilij.
1325 2245 1510 2323 Item
1556 2247 1751 2343 quod
1791 2245 2152 2323 haberent

93 2365 394 2462 plenam
423 2367 849 2459 potestatem
881 2362 1261 2440 ordinandi
1301 2361 1371 2435 Q
1415 2357 1772 2437 scribendi
1802 2362 1897 2435 ad
1927 2374 2148 2457 quos-

98 2498 384 2576 cunque
414 2474 778 2575 Principes
812 2493 960 2555 tam
986 2473 1505 2553 Ecclefiasticos
1540 2495 1756 2571 quam
1788 2470 2145 2553 seculares

101 2598 184 2674 in
235 2596 758 2693 pertinentibus
800 2598 900 2670 -ad
957 2594 1461 2671 executionem
1523 2590 1890 2669 dictorum
1943 2592 2148 2669 loco·

101 2730 272 2789 rum
322 2706 722 2789 eleStorum
782 2729 920 2805 per
971 2704 1256 2783 sacrum
1314 2705 1725 2782 Concilium
1778 2727 1868 2781 ac
1922 2703 2146 2783 etiam

100 2822 533 2924 prohibendi
576 2826 642 2918 l)
699 2822 1072 2900 inhibendi
1129 2820 1211 2895 ‘Q
1259 2820 1605 2917 puniendi
1669 2837 2145 2916 quoscunque

104 2944 557 3040 turbatorest,
607 2943 750 3020 hec
787 2943 1026 3020 omnia
1069 2939 1479 3020 conclustt
1457 2965 1532 3017 ιιι
1578 2939 1771 3016 dicta
1801 2937 2144 3017 Generali

110 3062 683 3163 Congregetione
737 3058 1092 3136 Dominus
1152 3057 1493 3143 Jalz'anus
1546 3072 1721 3134 tunc
1771 3056 2139 3152 presidens

110 3177 179 3277 Q
213 3171 350 3271 ipse
392 3172 740 3257 §ohannes
777 3171 950 3247 olim
1010 3171 1248 3247 Archi
1299 3166 1691 3267 Episcopus
1719 3169 1822 3262 m)
1852 3169 2139 3243 Taren-

109 3291 289 3373 tinus
322 3278 643 3387 expreffe
692 3296 867 3356 tunc
917 3277 1225 3357 consens
1233 3298 1263 3353 t
1302 3278 1376 3355 in
1422 3276 1692 3373 judices
1738 3273 2139 3373 finodaleS‚

111 3402 232 3502 qui
267 3398 457 3478 faeta
485 3396 939 3499 inquifitione
988 3420 1158 3476 cum
1198 3390 1633 3474 invenifl'ent
1669 3412 1837 3477 eum
1884 3391 2141 3490 culpa·
2243 3385 2246 3390 ’

1656 3558 1677 3583 =.
1762 3503 2038 3613 bssemj

198 3657 263 3745 ί)
302 3646 642 3748 deputatis.
1522 3693 1553 3733 ς

145 3765 273 3851 k)
316 3755 778 3856 praestantibus.
925 3768 930 3775 ⁴

199 3874 259 3963 1)
301 3867 776 3968 prohibendum
817 3853 1242 3937 inhibendum
1273 3859 1343 3929 &
1371 3850 1802 3952 puniendum.

200 3986 293 4077 m)
335 3981 868 4087 Archieptfiopus
913 3980 1325 4054 Tarentinus
1348 3963 1653 4048 omiss‘-

129 4097 541 4183 Tamna.
1247 4091 1326 4172 Κ
