2617 4617
554 332 699 414 278
1207 312 1744 385 mm

451 506 722 590 frustra
758 510 883 588 uni
915 509 1381 602 conceditur,
1461 511 1656 606 quod
1699 507 2033 586 omnibus
2074 508 2524 607 intimatur,

451 624 761 705 Ecclefie
807 650 987 730 ergo
1053 628 1216 703 date
1290 625 1453 701 sunt
1511 626 1752 701 claves
1825 623 2360 722 principaliter.
2415 629 2522 702 ad

449 740 644 819 idem
679 746 776 820 est
825 742 1193 835 Rabanus,
1245 741 1370 838 qui
1411 738 1509 816 fic
1548 741 1759 816 dicit:
1812 740 2140 837 quamvis
2186 737 2333 816 soli
2382 739 2522 817 Pe-

452 867 572 931 tro
601 855 738 934 hec
775 857 1080 954 potestas
1113 856 1451 931 videatur
1482 855 1691 948 data,
1739 853 1994 930 ceteris
2029 872 2275 932 tamen
2295 855 2524 952 Apo-

448 968 644 1046 stolis
679 973 991 1049 dabatur
1018 973 1190 1049 teste
1233 970 1518 1048 Christo
1555 969 1680 1069 qui
1736 971 1812 1047 in
1861 993 1981 1048 eos
2013 971 2365 1071 ‚sufflavit
2406 970 2522 1044 di-

451 1109 666 1161 cens:
713 1088 1017 1183 accipite
1053 1084 1403 1184 Spiritum
1437 1081 1757 1163 sanetum
1781 1137 1808 1180 .‚
1860 1108 2178 1183 quorum
2204 1082 2526 1163 remise·

449 1202 609 1279 ritis
643 1220 935 1299 peccata
968 1199 1101 1277 ὅτε.
1148 1199 1231 1275 dc·
1260 1202 1409 1300 glo.
1450 1199 1607 1274 ord.
1641 1197 1858 1297 super
1890 1203 2069 1278 illud
2111 1206 2206 1278 ad
2261 1199 2522 1301 Ephes.

451 1307 632 1394 11‘11‘.
668 1321 1013 1416 quosdam
1061 1316 1352 1413 quidem
1403 1313 1599 1390 dedit
1638 1316 2074 1413 Apostolos.,
2135 1318 2322 1393 dicit
2367 1319 2534 1418 glo.

450 1440 616 1512 vice
660 1437 922 1513 Christi
956 1433 1452 1530 predicanteS‚
1520 1455 1603 1509 ac
1648 1438 1973 1513 omnium
2012 1437 2529 1513 ordinationes

453 1551 521 1625 δι
568 1554 863 1648 judices,
915 1564 1050 1644 pro
1090 1548 1355 1644 quibus
1404 1539 1579 1624 facit
1629 1549 1849 1640 illud,
1919 1555 2109 1648 quod
2143 1553 2350 1628 canit
2381 1554 2530 1629 Ec-

454 1666 664 1743 clefia
696 1667 767 1741 in
818 1666 1089 1763 hymno
1124 1662 1690 1758 Apostolorum:
1742 1666 1894 1743 Vos
1927 1665 2139 1743 seculi
2177 1666 2352 1764 justi
2405 1664 2532 1764 ju-

456 1783 649 1859 dices
715 1780 801 1855 δι’
837 1770 1015 1855 'vera
1066 1779 1317 1854 mundi
1377 1779 1672 1857 lumina.
1740 1781 1809 1857 ἂ
1871 1784 1946 1858 in
1993 1785 2134 1857 alio
2187 1784 2530 1879 hymno:

452 1892 936 1974 Ecclefiarum
993 1891 1403 1989 PrincipeS,
1474 1892 1645 1969 belli
1704 1892 2178 1990 triumphales
2241 1895 2532 1989 duces-2

456 2008 729 2086 celestis
770 2010 933 2083 aule
964 2006 1229 2081 milites
1273 2003 1343 2078 ἃ
1390 2025 1570 2081 vera
1603 2007 1855 2081 mundi
1892 2007 2185 2083 lumina.
2237 2007 2528 2084 derifio

456 2126 648 2202 enim
693 2126 791 2200 est
822 2125 1105 2218 dicere,
1160 2124 1350 2221 qnod
1385 2120 1573 2201 solus
1611 2125 1858 2200 Petrus
1898 2125 2254 2220 receperit
2292 2144 2529 2225 pote-

453 2240 725 2317 statem.
777 2245 870 2317 ad
921 2244 1107 2319 idem
1157 2268 1210 2317 c.
1257 2241 1684 2338 firmiter·de
1738 2243 1989 2340 summ.
2059 2245 2241 2321 Trin.
2310 2252 2532 2346 quod

454 2350 600 2426 fuit
629 2353 901 2427 edit-um
923 2353 996 2427 in
1018 2354 1341 2430 Concilio
1363 2355 1701 2430 Generali
1722 2409 1745 2445 ‚
1801 2354 2247 2451 ubidicitur,
2310 2362 2532 2455 quod

454 2467 781 2543 Christus
830 2467 1027 2543 dedit
1054 2468 1294 2544 claves
1328 2469 1666 2565 apostolis
1699 2470 1767 2543 δι
1801 2491 2051 2545 eorum
2088 2468 2528 2551 sueceffori-

451 2576 589 2653 bus
612 2577 749 2657 dcc.
799 2579 866 2652 ἃ
921 2582 1009 2656 de
1056 2576 1569 2661 successoribus
1613 2584 2139 2678 Apostolorum
2189 2585 2528 2667 vid-uda

452 2691 555 2768 est
585 2694 713 2783 glo.
749 2691 825 2767 in
867 2717 921 2768 e.
955 2693 1278 2769 videntes.
1318 2696 1492 2771 XII.
1541 2720 1602 2796 q.
1650 2720 1706 2769 1.
1751 2693 1926 2769 facit
1959 2694 2171 2771 etiam
2204 2694 2304 2768 ad
2337 2717 2523 2791 pre-

455 2810 647 2885 ditia
681 2837 734 2888 c.
766 2833 963 2889 nova.
1013 2815 1095 2887 de
1118 2814 1324 2911 penit.
1374 2813 1718 2910 &remiffl
1770 2813 1899 2888 ubi
1949 2814 2254 2903 dicitur,
2310 2817 2525 2911 quod

451 2925 624 3002 licet
659 2926 867 3004 beata
909 2929 1120 3028 virgo
1153 2927 1889 3035 fueritexcellentior
1928 2928 2260 3005 omnibus
2294 2929 2526 3028 Apo.

451 3045 649 3125 stolis
670 3098 694 3139 .,
737 3071 882 3127 non
914 3048 1020 3129 illi
1054 3048 1171 3145 sed
1208 3049 1352 3124 istis
1384 3048 1705 3125 Christus
1734 3048 2036 3125 tradidit
2062 3051 2305 3125 claves
2338 3072 2520 3152 reg·

450 3167 529 3243 ni
574 3167 945 3260 celorum,
1016 3169 1388 3267 multeque
1447 3170 1587 3244 alie
1633 3169 2103 3272 auetoritates
2148 3168 2246 3241 ad
2279 3160 2516 3244 ‘idem

442 3282 733 3387 ,possent
774 3286 1125 3386 allegari,
1206 3309 1380 3383 quas
1443 3284 1823 3364 brevitatis
1884 3287 2093 3367 eausa
2145 3288 2514 3384 obmitto,

455 3401 731 3499 quiain
792 3403 981 3479 idem
1029 3404 1492 3502 coincidunt·³
1567 3420 1812 3483 tamen
1874 3426 2020 3480 non
2069 3402 2512 3499 obmittam,

422 3520 653 3617 'quod
687 3520 786 3595 est
829 3521 1074 3617 opinio
1122 3525 1525 3600 multorum
1575 3521 2510 3624 Magistrorum.univerfi-

443 3634 611 3711 tatis
638 3631 802 3709 satis
837 3637 1257 3727 eminentis..
1319 3641 1516 3733 quod
1560 3639 1730 3715 licet
1780 3638 2103 3714 Christus
2151 3636 2507 3733 promise-

441 3766 560 3829 rat
594 3748 663 3825 se
702 3740 1040 3830 daturum
1079 3756 1322 3830 claves
1359 3757 1567 3833 Petro
1608 3776 1742 3851 per
1795 3756 1920 3831 illa
1967 3751 2240 3830 verba:
2322 3754 2500 3832 Tibi

445 3866 634 3940 dabo
667 3867 799 3944 διο.
837 3870 1004 3966 quia
1038 3868 1348 3971 ¹gerebat
1381 3891 1552 3951 tunc
1602 3876 1850 3952 Petrus
1907 3875 2100 3950 vices
2144 3871 2497 3967 Ecclefie‚

441 3987 589 4060 n‘on
618 3983 935 4084 legitur,
985 3990 1179 4086 quod
1213 3990 1677 4089 postmodum
1725 3988 2007 4068 dederit
2040 3986 2172 4065 fibi
2200 3987 2496 4064 realiter

2237 4108 2399 4186 illas

2593 2286 2599 2403 1

2593 2476 2599 2575 1
