<?xml version="1.0" encoding="UTF-8"?>
<!DOCTYPE html PUBLIC "-//W3C//DTD XHTML 1.0 Transitional//EN"
    "http://www.w3.org/TR/xhtml1/DTD/xhtml1-transitional.dtd">
<html xmlns="http://www.w3.org/1999/xhtml" xml:lang="en" lang="en">
 <head>
  <title>
</title>
<meta http-equiv="Content-Type" content="text/html;charset=utf-8" />
  <meta name='ocr-system' content='tesseract 3.04.00' />
  <meta name='ocr-capabilities' content='ocr_page ocr_carea ocr_par ocr_line ocrx_word'/>
</head>
<body>
  <div class='ocr_page' id='page_1' title='image "./subsidiadiploma00unkngoog_0349.png"; bbox 0 0 2617 4617; ppageno 0'>
   <div class='ocr_carea' id='block_1_1' title="bbox 550 306 1750 385">
    <p class='ocr_par' dir='ltr' id='par_1_1' title="bbox 550 306 1750 385">
     <span class='ocr_line' id='line_1_1' title="bbox 550 306 1750 385; baseline -0.01 -2"><span class='ocrx_word' id='word_1_1' title='bbox 550 324 700 385; x_wconf 64' lang='lat'>212</span> <span class='ocrx_word' id='word_1_2' title='bbox 1206 306 1750 371; x_wconf 55' lang='lat' dir='ltr'>Um</span> 
     </span>
    </p>
   </div>
   <div class='ocr_carea' id='block_1_2' title="bbox 345 492 2583 2684">
    <p class='ocr_par' dir='ltr' id='par_1_2' title="bbox 345 492 2583 2684">
     <span class='ocr_line' id='line_1_2' title="bbox 345 492 2519 606; baseline 0.001 -32"><span class='ocrx_word' id='word_1_3' title='bbox 345 585 352 606; x_wconf 39' lang='grc' dir='ltr'>Ι</span> <span class='ocrx_word' id='word_1_4' title='bbox 457 492 828 596; x_wconf 72' lang='lat' dir='ltr'>{blempne</span> <span class='ocrx_word' id='word_1_5' title='bbox 875 495 1251 575; x_wconf 83' lang='lat' dir='ltr'>decretum</span> <span class='ocrx_word' id='word_1_6' title='bbox 1283 497 1528 576; x_wconf 86' lang='lat' dir='ltr'>statuit</span> <span class='ocrx_word' id='word_1_7' title='bbox 1578 497 1649 571; x_wconf 73' lang='grc' dir='ltr'>ἅ</span> <span class='ocrx_word' id='word_1_8' title='bbox 1698 497 2077 592; x_wconf 68' lang='lat' dir='ltr'>decrevit,</span> <span class='ocrx_word' id='word_1_9' title='bbox 2146 502 2353 599; x_wconf 86' lang='lat' dir='ltr'>quod</span> <span class='ocrx_word' id='word_1_10' title='bbox 2390 503 2519 578; x_wconf 87' lang='lat' dir='ltr'>du-</span> 
     </span>
     <span class='ocr_line' id='line_1_3' title="bbox 455 609 2514 714; baseline 0.002 -26"><span class='ocrx_word' id='word_1_11' title='bbox 455 630 663 696; x_wconf 85' lang='lat' dir='ltr'>rante</span> <span class='ocrx_word' id='word_1_12' title='bbox 695 613 822 687; x_wconf 93' lang='lat' dir='ltr'>illo</span> <span class='ocrx_word' id='word_1_13' title='bbox 856 612 1181 688; x_wconf 85' lang='lat' dir='ltr'>Concilio</span> <span class='ocrx_word' id='word_1_14' title='bbox 1221 634 1369 687; x_wconf 89' lang='lat' dir='ltr'>non</span> <span class='ocrx_word' id='word_1_15' title='bbox 1404 609 1618 710; x_wconf 84' lang='lat' dir='ltr'>poffit</span> <span class='ocrx_word' id='word_1_16' title='bbox 1643 611 1843 686; x_wconf 89' lang='lat' dir='ltr'>aliud</span> <span class='ocrx_word' id='word_1_17' title='bbox 1872 614 2058 714; x_wconf 79' lang='lat' dir='ltr'>erigi</span> <span class='ocrx_word' id='word_1_18' title='bbox 2093 636 2233 712; x_wconf 90' lang='lat' dir='ltr'>per</span> <span class='ocrx_word' id='word_1_19' title='bbox 2263 638 2514 713; x_wconf 86' lang='lat' dir='ltr'>quem·</span> 
     </span>
     <span class='ocr_line' id='line_1_4' title="bbox 457 727 2513 829; baseline 0 -21"><span class='ocrx_word' id='word_1_20' title='bbox 457 749 744 826; x_wconf 86' lang='lat' dir='ltr'>cunque</span> <span class='ocrx_word' id='word_1_21' title='bbox 787 728 1007 805; x_wconf 85' lang='lat' dir='ltr'>etiam</span> <span class='ocrx_word' id='word_1_22' title='bbox 1062 730 1307 828; x_wconf 87' lang='lat' dir='ltr'>Papali</span> <span class='ocrx_word' id='word_1_23' title='bbox 1350 728 1788 805; x_wconf 66' lang='lat' dir='ltr'>auctoritate</span> <span class='ocrx_word' id='word_1_24' title='bbox 1835 727 2246 829; x_wconf 85' lang='lat' dir='ltr'>fulgentem</span> <span class='ocrx_word' id='word_1_25' title='bbox 2294 737 2396 828; x_wconf 68' lang='lat' dir='ltr'>y)</span> <span class='ocrx_word' id='word_1_26' title='bbox 2450 732 2513 807; x_wconf 70' lang='grc' dir='ltr'>δε</span> 
     </span>
     <span class='ocr_line' id='line_1_5' title="bbox 456 840 2513 943; baseline 0 -21"><span class='ocrx_word' id='word_1_27' title='bbox 456 844 908 922; x_wconf 86' lang='lat' dir='ltr'>contrarium</span> <span class='ocrx_word' id='word_1_28' title='bbox 937 857 1233 943; x_wconf 84' lang='lat' dir='ltr'>agentes</span> <span class='ocrx_word' id='word_1_29' title='bbox 1280 844 1685 921; x_wconf 84' lang='lat' dir='ltr'>declaravit</span> <span class='ocrx_word' id='word_1_30' title='bbox 1729 840 1885 939; x_wconf 92' lang='lat' dir='ltr'>ipso</span> <span class='ocrx_word' id='word_1_31' title='bbox 1946 842 2144 921; x_wconf 61' lang='lat' dir='ltr'>facto</span> <span class='ocrx_word' id='word_1_32' title='bbox 2189 846 2513 923; x_wconf 84' lang='lat' dir='ltr'>incidere</span> 
     </span>
     <span class='ocr_line' id='line_1_6' title="bbox 456 957 2510 1061; baseline -0.001 -18"><span class='ocrx_word' id='word_1_33' title='bbox 456 967 535 1043; x_wconf 89' lang='lat' dir='ltr'>in</span> <span class='ocrx_word' id='word_1_34' title='bbox 562 984 784 1061; x_wconf 86' lang='lat' dir='ltr'>penas</span> <span class='ocrx_word' id='word_1_35' title='bbox 816 957 1426 1051; x_wconf 85' lang='lat' dir='ltr'>scismaticorum,</span> <span class='ocrx_word' id='word_1_36' title='bbox 1482 983 1625 1058; x_wconf 87' lang='lat' dir='ltr'>que</span> <span class='ocrx_word' id='word_1_37' title='bbox 1676 961 1970 1059; x_wconf 88' lang='lat' dir='ltr'>quidem</span> <span class='ocrx_word' id='word_1_38' title='bbox 2002 962 2334 1040; x_wconf 82' lang='lat' dir='ltr'>Decreta</span> <span class='ocrx_word' id='word_1_39' title='bbox 2368 963 2510 1061; x_wconf 86' lang='lat' dir='ltr'>ipse</span> 
     </span>
     <span class='ocr_line' id='line_1_7' title="bbox 459 1081 2511 1181; baseline -0.001 -21"><span class='ocrx_word' id='word_1_40' title='bbox 459 1086 826 1181; x_wconf 85' lang='lat' dir='ltr'>quondam</span> <span class='ocrx_word' id='word_1_41' title='bbox 867 1081 1224 1175; x_wconf 77' lang='lat' dir='ltr'>Eugmius</span> <span class='ocrx_word' id='word_1_42' title='bbox 1260 1081 1744 1180; x_wconf 77' lang='lat' dir='ltr'>approbavit,</span> <span class='ocrx_word' id='word_1_43' title='bbox 1796 1083 1965 1157; x_wconf 88' lang='lat' dir='ltr'>dum</span> <span class='ocrx_word' id='word_1_44' title='bbox 1998 1083 2073 1158; x_wconf 88' lang='lat' dir='ltr'>in</span> <span class='ocrx_word' id='word_1_45' title='bbox 2128 1081 2260 1159; x_wconf 87' lang='lat' dir='ltr'>sua</span> <span class='ocrx_word' id='word_1_46' title='bbox 2289 1086 2511 1161; x_wconf 85' lang='lat' dir='ltr'>adhe-</span> 
     </span>
     <span class='ocr_line' id='line_1_8' title="bbox 455 1183 2516 1289; baseline -0.005 -9"><span class='ocrx_word' id='word_1_47' title='bbox 455 1202 652 1280; x_wconf 85' lang='lat' dir='ltr'>fione</span> <span class='ocrx_word' id='word_1_48' title='bbox 680 1195 1030 1277; x_wconf 84' lang='lat' dir='ltr'>confessus</span> <span class='ocrx_word' id='word_1_49' title='bbox 1071 1198 1215 1289; x_wconf 70' lang='lat' dir='ltr'>est,</span> <span class='ocrx_word' id='word_1_50' title='bbox 1265 1195 1668 1275; x_wconf 83' lang='lat' dir='ltr'>Concilium</span> <span class='ocrx_word' id='word_1_51' title='bbox 1688 1194 2061 1274; x_wconf 79' lang='lat' dir='ltr'>Bafiliense</span> <span class='ocrx_word' id='word_1_52' title='bbox 2088 1183 2303 1284; x_wconf 75' lang='lat' dir='ltr'>&#39;fuiffe</span> <span class='ocrx_word' id='word_1_53' title='bbox 2333 1223 2385 1274; x_wconf 87' lang='lat' dir='ltr'>a</span> <span class='ocrx_word' id='word_1_54' title='bbox 2408 1195 2516 1285; x_wconf 84' lang='lat' dir='ltr'>sui</span> 
     </span>
     <span class='ocr_line' id='line_1_9' title="bbox 455 1315 2513 1422; baseline -0.001 -26"><span class='ocrx_word' id='word_1_55' title='bbox 455 1319 820 1418; x_wconf 85' lang='lat' dir='ltr'>principio</span> <span class='ocrx_word' id='word_1_56' title='bbox 861 1318 1186 1422; x_wconf 86' lang='lat' dir='ltr'>legitime</span> <span class='ocrx_word' id='word_1_57' title='bbox 1217 1317 1618 1393; x_wconf 84' lang='lat' dir='ltr'>institutum</span> <span class='ocrx_word' id='word_1_58' title='bbox 1647 1315 2073 1419; x_wconf 72' lang='lat' dir='ltr'>&amp;legitime</span> <span class='ocrx_word' id='word_1_59' title='bbox 2130 1318 2513 1404; x_wconf 86' lang='lat' dir='ltr'>continua-</span> 
     </span>
     <span class='ocr_line' id='line_1_10' title="bbox 453 1434 2583 1554; baseline -0.002 -39"><span class='ocrx_word' id='word_1_60' title='bbox 453 1458 656 1530; x_wconf 89' lang='lat' dir='ltr'>tum,</span> <span class='ocrx_word' id='word_1_61' title='bbox 709 1440 778 1515; x_wconf 70' lang='grc' dir='ltr'>δι</span> <span class='ocrx_word' id='word_1_62' title='bbox 812 1440 928 1516; x_wconf 88' lang='lat' dir='ltr'>his</span> <span class='ocrx_word' id='word_1_63' title='bbox 973 1460 1122 1514; x_wconf 90' lang='lat' dir='ltr'>non</span> <span class='ocrx_word' id='word_1_64' title='bbox 1168 1434 1611 1511; x_wconf 86' lang='lat' dir='ltr'>obstantibus</span> <span class='ocrx_word' id='word_1_65' title='bbox 1662 1434 1896 1511; x_wconf 62' lang='lat' dir='ltr'>dictus</span> <span class='ocrx_word' id='word_1_66' title='bbox 1946 1438 2317 1554; x_wconf 62' lang='lat' dir='ltr'>quondam</span> <span class='ocrx_word' id='word_1_67' title='bbox 2360 1438 2513 1511; x_wconf 81' lang='lat' dir='ltr'>Eu·</span> <span class='ocrx_word' id='word_1_68' title='bbox 2582 1519 2583 1532; x_wconf 15' lang='grc' dir='ltr'><strong><em>Ν</em></strong></span> 
     </span>
     <span class='ocr_line' id='line_1_11' title="bbox 453 1554 2583 1654; baseline -0.002 -20"><span class='ocrx_word' id='word_1_69' title='bbox 453 1559 692 1654; x_wconf 82' lang='lat' dir='ltr'>genius</span> <span class='ocrx_word' id='word_1_70' title='bbox 735 1555 980 1633; x_wconf 88' lang='lat' dir='ltr'>omnia</span> <span class='ocrx_word' id='word_1_71' title='bbox 1020 1556 1149 1630; x_wconf 89' lang='lat' dir='ltr'>ista</span> <span class='ocrx_word' id='word_1_72' title='bbox 1195 1556 1488 1629; x_wconf 84' lang='lat' dir='ltr'>decreta</span> <span class='ocrx_word' id='word_1_73' title='bbox 1520 1554 1874 1648; x_wconf 80' lang='lat' dir='ltr'>violavit,</span> <span class='ocrx_word' id='word_1_74' title='bbox 1934 1558 2131 1629; x_wconf 89' lang='lat' dir='ltr'>unde</span> <span class='ocrx_word' id='word_1_75' title='bbox 2181 1577 2327 1629; x_wconf 88' lang='lat' dir='ltr'>non</span> <span class='ocrx_word' id='word_1_76' title='bbox 2376 1577 2509 1651; x_wconf 86' lang='lat' dir='ltr'>po·</span> <span class='ocrx_word' id='word_1_77' title='bbox 2582 1575 2583 1610; x_wconf 79' lang='lat'>³</span> 
     </span>
     <span class='ocr_line' id='line_1_12' title="bbox 453 1668 2583 1792; baseline -0.003 -41"><span class='ocrx_word' id='word_1_78' title='bbox 453 1685 758 1751; x_wconf 87' lang='lat' dir='ltr'>tuerunt</span> <span class='ocrx_word' id='word_1_79' title='bbox 786 1669 1124 1746; x_wconf 71' lang='lat' dir='ltr'>anantes</span> <span class='ocrx_word' id='word_1_80' title='bbox 1149 1668 1369 1765; x_wconf 84' lang='lat' dir='ltr'>parvi</span> <span class='ocrx_word' id='word_1_81' title='bbox 1405 1669 1707 1745; x_wconf 86' lang='lat' dir='ltr'>Decreti</span> <span class='ocrx_word' id='word_1_82' title='bbox 1736 1669 1808 1746; x_wconf 90' lang='lat' dir='ltr'>se</span> <span class='ocrx_word' id='word_1_83' title='bbox 1838 1692 2004 1745; x_wconf 83' lang='lat' dir='ltr'>curn</span> <span class='ocrx_word' id='word_1_84' title='bbox 2042 1670 2171 1745; x_wconf 92' lang='lat' dir='ltr'>illo</span> <span class='ocrx_word' id='word_1_85' title='bbox 2204 1670 2511 1767; x_wconf 83' lang='lat' dir='ltr'>conjun-</span> <span class='ocrx_word' id='word_1_86' title='bbox 2582 1733 2583 1792; x_wconf 32' lang='grc' dir='ltr'><strong><em>Ν</em></strong></span> 
     </span>
     <span class='ocr_line' id='line_1_13' title="bbox 453 1781 2509 1893; baseline -0.001 -27"><span class='ocrx_word' id='word_1_87' title='bbox 453 1811 634 1893; x_wconf 86' lang='lat' dir='ltr'>gere</span> <span class='ocrx_word' id='word_1_88' title='bbox 657 1789 1037 1866; x_wconf 60' lang='lat' dir='ltr'>tractando</span> <span class='ocrx_word' id='word_1_89' title='bbox 1079 1781 1282 1865; x_wconf 88' lang='lat' dir='ltr'>illum</span> <span class='ocrx_word' id='word_1_90' title='bbox 1321 1806 1403 1864; x_wconf 91' lang='lat' dir='ltr'>ut</span> <span class='ocrx_word' id='word_1_91' title='bbox 1432 1802 1651 1885; x_wconf 87' lang='lat' dir='ltr'>caput</span> <span class='ocrx_word' id='word_1_92' title='bbox 1682 1788 1752 1863; x_wconf 71' lang='grc' dir='ltr'>ἀ</span> <span class='ocrx_word' id='word_1_93' title='bbox 1791 1788 2267 1885; x_wconf 74' lang='lat' dir='ltr'>presidentem</span> <span class='ocrx_word' id='word_1_94' title='bbox 2308 1790 2509 1866; x_wconf 82' lang='lat' dir='ltr'>illius</span> 
     </span>
     <span class='ocr_line' id='line_1_14' title="bbox 455 1898 2513 1980; baseline -0.001 -3"><span class='ocrx_word' id='word_1_95' title='bbox 455 1903 950 1980; x_wconf 86' lang='lat' dir='ltr'>conventiculi</span> <span class='ocrx_word' id='word_1_96' title='bbox 993 1901 1064 1977; x_wconf 66' lang='lat' dir='ltr'>Ec</span> <span class='ocrx_word' id='word_1_97' title='bbox 1099 1903 1466 1978; x_wconf 84' lang='lat' dir='ltr'>miscendo</span> <span class='ocrx_word' id='word_1_98' title='bbox 1526 1898 1599 1980; x_wconf 88' lang='lat' dir='ltr'>se</span> <span class='ocrx_word' id='word_1_99' title='bbox 1648 1924 1815 1977; x_wconf 88' lang='lat' dir='ltr'>cum</span> <span class='ocrx_word' id='word_1_100' title='bbox 1867 1900 2154 1980; x_wconf 88' lang='lat' dir='ltr'>notorie</span> <span class='ocrx_word' id='word_1_101' title='bbox 2214 1898 2513 1977; x_wconf 82' lang='lat' dir='ltr'>scisma·</span> 
     </span>
     <span class='ocr_line' id='line_1_15' title="bbox 453 2011 2511 2108; baseline -0 -18"><span class='ocrx_word' id='word_1_102' title='bbox 453 2013 632 2090; x_wconf 87' lang='lat' dir='ltr'>ticis·</span> <span class='ocrx_word' id='word_1_103' title='bbox 680 2011 753 2089; x_wconf 68' lang='grc' dir='ltr'>δι</span> <span class='ocrx_word' id='word_1_104' title='bbox 799 2013 1481 2103; x_wconf 72' lang='lat' dir='ltr'>excommunicati5‚</span> <span class='ocrx_word' id='word_1_105' title='bbox 1570 2013 1716 2090; x_wconf 91' lang='lat' dir='ltr'>hoc</span> <span class='ocrx_word' id='word_1_106' title='bbox 1772 2013 2120 2108; x_wconf 87' lang='lat' dir='ltr'>precipue</span> <span class='ocrx_word' id='word_1_107' title='bbox 2177 2011 2511 2105; x_wconf 81' lang='lat' dir='ltr'>attento,</span> 
     </span>
     <span class='ocr_line' id='line_1_16' title="bbox 455 2115 2509 2226; baseline -0.001 -25"><span class='ocrx_word' id='word_1_108' title='bbox 455 2129 654 2223; x_wconf 90' lang='lat' dir='ltr'>quod</span> <span class='ocrx_word' id='word_1_109' title='bbox 705 2125 858 2224; x_wconf 84' lang='lat' dir='ltr'>ipse</span> <span class='ocrx_word' id='word_1_110' title='bbox 891 2128 1255 2226; x_wconf 77' lang='lat' dir='ltr'>quondam</span> <span class='ocrx_word' id='word_1_111' title='bbox 1286 2123 1636 2216; x_wconf 76' lang='lat' dir='ltr'>Eugenius</span> <span class='ocrx_word' id='word_1_112' title='bbox 1661 2121 1806 2224; x_wconf 84' lang='lat' dir='ltr'>jam</span> <span class='ocrx_word' id='word_1_113' title='bbox 1840 2115 1976 2219; x_wconf 76' lang='lat' dir='ltr'>per</span> <span class='ocrx_word' id='word_1_114' title='bbox 2004 2121 2281 2200; x_wconf 75' lang='lat' dir='ltr'>sacrum</span> <span class='ocrx_word' id='word_1_115' title='bbox 2303 2124 2509 2199; x_wconf 82' lang='lat' dir='ltr'>Con·</span> 
     </span>
     <span class='ocr_line' id='line_1_17' title="bbox 452 2238 2583 2337; baseline 0 -23"><span class='ocrx_word' id='word_1_116' title='bbox 452 2240 703 2318; x_wconf 91' lang='lat' dir='ltr'>cilium</span> <span class='ocrx_word' id='word_1_117' title='bbox 736 2238 1103 2337; x_wconf 84' lang='lat' dir='ltr'>suspensus</span> <span class='ocrx_word' id='word_1_118' title='bbox 1135 2239 1229 2314; x_wconf 91' lang='lat' dir='ltr'>ab</span> <span class='ocrx_word' id='word_1_119' title='bbox 1277 2239 1889 2316; x_wconf 88' lang='lat' dir='ltr'>administratione</span> <span class='ocrx_word' id='word_1_120' title='bbox 1906 2239 2208 2334; x_wconf 84' lang='lat' dir='ltr'>Papatus</span> <span class='ocrx_word' id='word_1_121' title='bbox 2244 2239 2507 2315; x_wconf 79' lang='lat' dir='ltr'>existe·</span> <span class='ocrx_word' id='word_1_122' title='bbox 2582 2241 2583 2248; x_wconf 67' lang='lat'><em>&#39;</em></span> 
     </span>
     <span class='ocr_line' id='line_1_18' title="bbox 425 2350 2511 2451; baseline -0.004 -18"><span class='ocrx_word' id='word_1_123' title='bbox 425 2369 612 2444; x_wconf 63' lang='lat' dir='ltr'>Ter,</span> <span class='ocrx_word' id='word_1_124' title='bbox 669 2368 1060 2451; x_wconf 86' lang='lat' dir='ltr'>antequam</span> <span class='ocrx_word' id='word_1_125' title='bbox 1119 2352 1340 2428; x_wconf 85' lang='lat' dir='ltr'>Greci</span> <span class='ocrx_word' id='word_1_126' title='bbox 1395 2352 1489 2427; x_wconf 89' lang='lat' dir='ltr'>ad</span> <span class='ocrx_word' id='word_1_127' title='bbox 1546 2352 1887 2427; x_wconf 88' lang='lat' dir='ltr'>ultimum</span> <span class='ocrx_word' id='word_1_128' title='bbox 1944 2366 2239 2447; x_wconf 87' lang='lat' dir='ltr'>portum</span> <span class='ocrx_word' id='word_1_129' title='bbox 2290 2350 2511 2430; x_wconf 83' lang='lat' dir='ltr'>Italic</span> 
     </span>
     <span class='ocr_line' id='line_1_19' title="bbox 449 2468 2512 2570; baseline -0 -22"><span class='ocrx_word' id='word_1_130' title='bbox 449 2474 951 2570; x_wconf 71' lang='lat' dir='ltr'>applicarent,</span> <span class='ocrx_word' id='word_1_131' title='bbox 1009 2471 1204 2546; x_wconf 86' lang='lat' dir='ltr'>unde</span> <span class='ocrx_word' id='word_1_132' title='bbox 1253 2470 1449 2546; x_wconf 85' lang='lat' dir='ltr'>clare</span> <span class='ocrx_word' id='word_1_133' title='bbox 1505 2468 1922 2570; x_wconf 81' lang='lat' dir='ltr'>colligitur,</span> <span class='ocrx_word' id='word_1_134' title='bbox 1986 2472 2180 2564; x_wconf 88' lang='lat' dir='ltr'>quod</span> <span class='ocrx_word' id='word_1_135' title='bbox 2223 2468 2512 2547; x_wconf 79' lang='lat' dir='ltr'>etiamst</span> 
     </span>
     <span class='ocr_line' id='line_1_20' title="bbox 448 2571 2508 2684; baseline -0.001 -18"><span class='ocrx_word' id='word_1_136' title='bbox 448 2590 634 2666; x_wconf 91' lang='lat' dir='ltr'>illud</span> <span class='ocrx_word' id='word_1_137' title='bbox 686 2571 1003 2684; x_wconf 73' lang='lat' dir='ltr'>parvum</span> <span class='ocrx_word' id='word_1_138' title='bbox 1033 2587 1435 2666; x_wconf 87' lang='lat' dir='ltr'>Decretum</span> <span class='ocrx_word' id='word_1_139' title='bbox 1476 2582 1850 2673; x_wconf 82' lang='lat' dir='ltr'>valuiss&#39;et‚</span> <span class='ocrx_word' id='word_1_140' title='bbox 1897 2585 2375 2663; x_wconf 84' lang='lat' dir='ltr'>nihilominus</span> <span class='ocrx_word' id='word_1_141' title='bbox 2413 2610 2508 2664; x_wconf 80' lang='lat' dir='ltr'>ex</span> 
     </span>
    </p>
   </div>
   <div class='ocr_carea' id='block_1_3' title="bbox 445 2705 2583 3272">
    <p class='ocr_par' dir='ltr' id='par_1_3' title="bbox 445 2705 2583 3272">
     <span class='ocr_line' id='line_1_21' title="bbox 452 2705 2583 2812; baseline 0.001 -25"><span class='ocrx_word' id='word_1_142' title='bbox 452 2733 599 2812; x_wconf 90' lang='lat' dir='ltr'>quo</span> <span class='ocrx_word' id='word_1_143' title='bbox 647 2710 825 2786; x_wconf 90' lang='lat' dir='ltr'>ille</span> <span class='ocrx_word' id='word_1_144' title='bbox 801 2715 947 2808; x_wconf 71' lang='lat' dir='ltr'>jam</span> <span class='ocrx_word' id='word_1_145' title='bbox 978 2724 1136 2787; x_wconf 87' lang='lat' dir='ltr'>erat</span> <span class='ocrx_word' id='word_1_146' title='bbox 1174 2708 1642 2809; x_wconf 81' lang='lat' dir='ltr'>solempniter</span> <span class='ocrx_word' id='word_1_147' title='bbox 1685 2705 2048 2804; x_wconf 86' lang='lat' dir='ltr'>suspensus</span> <span class='ocrx_word' id='word_1_148' title='bbox 2091 2730 2226 2807; x_wconf 89' lang='lat' dir='ltr'>per</span> <span class='ocrx_word' id='word_1_149' title='bbox 2252 2724 2509 2790; x_wconf 83' lang='lat' dir='ltr'>totum</span> <span class='ocrx_word' id='word_1_150' title='bbox 2582 2793 2583 2804; x_wconf 14' lang='grc' dir='ltr'><strong><em>Ν</em></strong></span> 
     </span>
     <span class='ocr_line' id='line_1_22' title="bbox 452 2827 2583 2929; baseline -0.002 -14"><span class='ocrx_word' id='word_1_151' title='bbox 452 2832 860 2915; x_wconf 89' lang='lat' dir='ltr'>Concilium</span> <span class='ocrx_word' id='word_1_152' title='bbox 899 2829 970 2907; x_wconf 68' lang='grc' dir='ltr'><strong>ἀ</strong></span> <span class='ocrx_word' id='word_1_153' title='bbox 1013 2832 1370 2908; x_wconf 88' lang='lat' dir='ltr'>inciderat</span> <span class='ocrx_word' id='word_1_154' title='bbox 1426 2832 1502 2908; x_wconf 90' lang='lat' dir='ltr'>in</span> <span class='ocrx_word' id='word_1_155' title='bbox 1554 2851 1813 2929; x_wconf 86' lang='lat' dir='ltr'>penam</span> <span class='ocrx_word' id='word_1_156' title='bbox 1883 2827 2507 2927; x_wconf 75' lang='lat' dir='ltr'>scismaticorum,</span> <span class='ocrx_word' id='word_1_157' title='bbox 2582 2841 2583 2844; x_wconf 68' lang='lat'><em>&#39;</em></span> 
     </span>
     <span class='ocr_line' id='line_1_23' title="bbox 451 2944 2583 3054; baseline 0.001 -33"><span class='ocrx_word' id='word_1_158' title='bbox 451 2948 779 3023; x_wconf 84' lang='lat' dir='ltr'>volentes</span> <span class='ocrx_word' id='word_1_159' title='bbox 821 2947 1183 3025; x_wconf 86' lang='lat' dir='ltr'>declinare</span> <span class='ocrx_word' id='word_1_160' title='bbox 1211 2949 1313 3022; x_wconf 87' lang='lat' dir='ltr'>ad</span> <span class='ocrx_word' id='word_1_161' title='bbox 1351 2970 1518 3023; x_wconf 85' lang='lat' dir='ltr'>eum</span> <span class='ocrx_word' id='word_1_162' title='bbox 1549 2945 1620 3019; x_wconf 74' lang='grc' dir='ltr'>δι</span> <span class='ocrx_word' id='word_1_163' title='bbox 1654 2948 1753 3021; x_wconf 89' lang='lat' dir='ltr'>ad</span> <span class='ocrx_word' id='word_1_164' title='bbox 1796 2945 1979 3022; x_wconf 92' lang='lat' dir='ltr'>illud</span> <span class='ocrx_word' id='word_1_165' title='bbox 2024 2944 2505 3024; x_wconf 85' lang='lat' dir='ltr'>conventicu-</span> <span class='ocrx_word' id='word_1_166' title='bbox 2582 2989 2583 3054; x_wconf 59' lang='lat'>3</span> 
     </span>
     <span class='ocr_line' id='line_1_24' title="bbox 445 3044 2583 3160; baseline -0 -15"><span class='ocrx_word' id='word_1_167' title='bbox 445 3068 604 3146; x_wconf 90' lang='lat' dir='ltr'>lum</span> <span class='ocrx_word' id='word_1_168' title='bbox 647 3059 1253 3154; x_wconf 87' lang='lat' dir='ltr'>scismaticorum,</span> <span class='ocrx_word' id='word_1_169' title='bbox 1319 3044 1796 3158; x_wconf 86' lang='lat' dir='ltr'>perdiderunt</span> <span class='ocrx_word' id='word_1_170' title='bbox 1851 3084 2061 3139; x_wconf 87' lang='lat' dir='ltr'>omne</span> <span class='ocrx_word' id='word_1_171' title='bbox 2107 3062 2218 3160; x_wconf 83' lang='lat' dir='ltr'>jus</span> <span class='ocrx_word' id='word_1_172' title='bbox 2270 3059 2345 3136; x_wconf 72' lang='grc' dir='ltr'>δι</span> <span class='ocrx_word' id='word_1_173' title='bbox 2390 3064 2504 3139; x_wconf 87' lang='lat' dir='ltr'>in-</span> <span class='ocrx_word' id='word_1_174' title='bbox 2582 3077 2583 3144; x_wconf 59' lang='lat' dir='ltr'>l</span> 
     </span>
     <span class='ocr_line' id='line_1_25' title="bbox 451 3117 2583 3272; baseline -0.002 -21"><span class='ocrx_word' id='word_1_175' title='bbox 451 3171 786 3258; x_wconf 88' lang='lat' dir='ltr'>ciderunt</span> <span class='ocrx_word' id='word_1_176' title='bbox 848 3174 924 3249; x_wconf 83' lang='lat' dir='ltr'>in</span> <span class='ocrx_word' id='word_1_177' title='bbox 966 3197 1186 3271; x_wconf 88' lang='lat' dir='ltr'>penas</span> <span class='ocrx_word' id='word_1_178' title='bbox 1231 3117 1569 3267; x_wconf 85' lang='lat' dir='ltr'>illorum,</span> <span class='ocrx_word' id='word_1_179' title='bbox 1634 3188 1718 3249; x_wconf 90' lang='lat' dir='ltr'>ut</span> <span class='ocrx_word' id='word_1_180' title='bbox 1762 3170 1981 3269; x_wconf 87' lang='lat' dir='ltr'>supra</span> <span class='ocrx_word' id='word_1_181' title='bbox 2029 3175 2203 3251; x_wconf 82' lang='lat' dir='ltr'>dixi.</span> <span class='ocrx_word' id='word_1_182' title='bbox 2302 3175 2502 3249; x_wconf 87' lang='lat' dir='ltr'>Pena</span> <span class='ocrx_word' id='word_1_183' title='bbox 2582 3215 2583 3272; x_wconf 49' lang='lat'>3</span> 
     </span>
    </p>
   </div>
   <div class='ocr_carea' id='block_1_4' title="bbox 448 3288 2503 3497">
    <p class='ocr_par' dir='ltr' id='par_1_4' title="bbox 448 3288 2503 3497">
     <span class='ocr_line' id='line_1_26' title="bbox 448 3288 2503 3368; baseline 0 -4"><span class='ocrx_word' id='word_1_184' title='bbox 448 3289 693 3366; x_wconf 83' lang='lat' dir='ltr'>a&#39;utem</span> <span class='ocrx_word' id='word_1_185' title='bbox 725 3288 1292 3368; x_wconf 87' lang='lat' dir='ltr'>scismaticorum</span> <span class='ocrx_word' id='word_1_186' title='bbox 1324 3292 1519 3367; x_wconf 87' lang='lat' dir='ltr'>ultra</span> <span class='ocrx_word' id='word_1_187' title='bbox 1547 3290 2361 3367; x_wconf 77' lang='lat' dir='ltr'>excommunicationem</span> <span class='ocrx_word' id='word_1_188' title='bbox 2396 3290 2503 3364; x_wconf 84' lang='lat' dir='ltr'>est</span> 
     </span>
     <span class='ocr_line' id='line_1_27' title="bbox 450 3398 2495 3497; baseline 0.001 -24"><span class='ocrx_word' id='word_1_189' title='bbox 450 3400 748 3497; x_wconf 88' lang='lat' dir='ltr'>depos</span> <span class='ocrx_word' id='word_1_190' title='bbox 670 3424 864 3497; x_wconf 72' lang='lat' dir='ltr'>tio,</span> <span class='ocrx_word' id='word_1_191' title='bbox 924 3400 1074 3477; x_wconf 86' lang='lat' dir='ltr'>fine</span> <span class='ocrx_word' id='word_1_192' title='bbox 1129 3398 1252 3497; x_wconf 82' lang='lat' dir='ltr'>spe</span> <span class='ocrx_word' id='word_1_193' title='bbox 1296 3400 1763 3478; x_wconf 89' lang='lat' dir='ltr'>restitutionis</span> <span class='ocrx_word' id='word_1_194' title='bbox 1819 3416 1902 3476; x_wconf 90' lang='lat' dir='ltr'>ut</span> <span class='ocrx_word' id='word_1_195' title='bbox 1951 3400 2027 3475; x_wconf 86' lang='lat' dir='ltr'>in</span> <span class='ocrx_word' id='word_1_196' title='bbox 2066 3426 2122 3479; x_wconf 87' lang='lat' dir='ltr'>c.</span> <span class='ocrx_word' id='word_1_197' title='bbox 2166 3424 2297 3478; x_wconf 81' lang='lat' dir='ltr'>non</span> <span class='ocrx_word' id='word_1_198' title='bbox 2335 3401 2495 3478; x_wconf 84' lang='lat' dir='ltr'>Vos.</span> 
     </span>
    </p>
   </div>
   <div class='ocr_carea' id='block_1_5' title="bbox 449 3505 2499 4057">
    <p class='ocr_par' dir='ltr' id='par_1_5' title="bbox 449 3505 2499 4057">
     <span class='ocr_line' id='line_1_28' title="bbox 449 3505 2499 3617; baseline -0.002 -24"><span class='ocrx_word' id='word_1_199' title='bbox 449 3516 745 3594; x_wconf 81' lang='lat' dir='ltr'><em>XXIII.</em></span> <span class='ocrx_word' id='word_1_200' title='bbox 795 3541 858 3617; x_wconf 84' lang='lat' dir='ltr'>q.</span> <span class='ocrx_word' id='word_1_201' title='bbox 919 3516 1004 3592; x_wconf 89' lang='lat' dir='ltr'>V.</span> <span class='ocrx_word' id='word_1_202' title='bbox 1042 3505 1276 3610; x_wconf 68' lang='lat' dir='ltr'>junffl:</span> <span class='ocrx_word' id='word_1_203' title='bbox 1330 3540 1384 3589; x_wconf 89' lang='lat' dir='ltr'>c.</span> <span class='ocrx_word' id='word_1_204' title='bbox 1434 3514 1586 3591; x_wconf 84' lang='lat' dir='ltr'>licet</span> <span class='ocrx_word' id='word_1_205' title='bbox 1630 3513 1701 3587; x_wconf 68' lang='grc' dir='ltr'>ἃ.</span> <span class='ocrx_word' id='word_1_206' title='bbox 1756 3539 1813 3588; x_wconf 85' lang='lat' dir='ltr'>c.</span> <span class='ocrx_word' id='word_1_207' title='bbox 1869 3512 2030 3614; x_wconf 79' lang='lat' dir='ltr'>quia</span> <span class='ocrx_word' id='word_1_208' title='bbox 2076 3505 2361 3607; x_wconf 69' lang='lat' dir='ltr'>diligent</span> <span class='ocrx_word' id='word_1_209' title='bbox 2409 3516 2499 3588; x_wconf 79' lang='lat' dir='ltr'>de</span> 
     </span>
     <span class='ocr_line' id='line_1_29' title="bbox 450 3629 2496 3730; baseline -0.003 -19"><span class='ocrx_word' id='word_1_210' title='bbox 450 3638 598 3711; x_wconf 81' lang='lat' dir='ltr'>elec.</span> <span class='ocrx_word' id='word_1_211' title='bbox 646 3636 816 3710; x_wconf 87' lang='lat' dir='ltr'>Ideo</span> <span class='ocrx_word' id='word_1_212' title='bbox 847 3634 1264 3709; x_wconf 86' lang='lat' dir='ltr'>notabiliter</span> <span class='ocrx_word' id='word_1_213' title='bbox 1298 3634 1481 3707; x_wconf 82' lang='lat' dir='ltr'>dixit</span> <span class='ocrx_word' id='word_1_214' title='bbox 1511 3629 1718 3730; x_wconf 76' lang='lat' dir='ltr'>gloffa</span> <span class='ocrx_word' id='word_1_215' title='bbox 1753 3631 1830 3707; x_wconf 85' lang='lat' dir='ltr'>in</span> <span class='ocrx_word' id='word_1_216' title='bbox 1858 3658 1911 3707; x_wconf 86' lang='lat' dir='ltr'>c.</span> <span class='ocrx_word' id='word_1_217' title='bbox 1946 3653 2089 3706; x_wconf 82' lang='lat' dir='ltr'>cum</span> <span class='ocrx_word' id='word_1_218' title='bbox 2105 3653 2238 3707; x_wconf 84' lang='lat' dir='ltr'>non</span> <span class='ocrx_word' id='word_1_219' title='bbox 2270 3634 2496 3707; x_wconf 78' lang='lat' dir='ltr'>deccat</span> 
     </span>
     <span class='ocr_line' id='line_1_30' title="bbox 453 3745 2492 3851; baseline -0.002 -23"><span class='ocrx_word' id='word_1_220' title='bbox 453 3755 537 3828; x_wconf 78' lang='lat' dir='ltr'>de</span> <span class='ocrx_word' id='word_1_221' title='bbox 582 3750 893 3851; x_wconf 77' lang='lat' dir='ltr'>prescrip.</span> <span class='ocrx_word' id='word_1_222' title='bbox 930 3755 1128 3847; x_wconf 88' lang='lat' dir='ltr'>quod</span> <span class='ocrx_word' id='word_1_223' title='bbox 1154 3774 1201 3825; x_wconf 92' lang='lat' dir='ltr'>a</span> <span class='ocrx_word' id='word_1_224' title='bbox 1230 3755 1514 3848; x_wconf 90' lang='lat' dir='ltr'>prelato</span> <span class='ocrx_word' id='word_1_225' title='bbox 1549 3750 1868 3827; x_wconf 80' lang='lat' dir='ltr'>heretico</span> <span class='ocrx_word' id='word_1_226' title='bbox 1926 3751 2046 3842; x_wconf 85' lang='lat' dir='ltr'>vel</span> <span class='ocrx_word' id='word_1_227' title='bbox 2091 3745 2492 3830; x_wconf 71' lang='lat' dir='ltr'>scismatico</span> 
     </span>
     <span class='ocr_line' id='line_1_31' title="bbox 449 3859 2491 3963; baseline -0 -26"><span class='ocrx_word' id='word_1_228' title='bbox 449 3859 739 3963; x_wconf 80' lang='lat' dir='ltr'>poss‘unt</span> <span class='ocrx_word' id='word_1_229' title='bbox 764 3860 1032 3938; x_wconf 88' lang='lat' dir='ltr'>subditi</span> <span class='ocrx_word' id='word_1_230' title='bbox 1059 3859 1367 3960; x_wconf 83' lang='lat' dir='ltr'>propria</span> <span class='ocrx_word' id='word_1_231' title='bbox 1403 3859 1839 3941; x_wconf 64' lang='lat' dir='ltr'>auctoritate</span> <span class='ocrx_word' id='word_1_232' title='bbox 1866 3861 2251 3957; x_wconf 84' lang='lat' dir='ltr'>recedere,</span> <span class='ocrx_word' id='word_1_233' title='bbox 2298 3861 2491 3958; x_wconf 87' lang='lat' dir='ltr'>quod</span> 
     </span>
     <span class='ocr_line' id='line_1_32' title="bbox 2177 3978 2400 4057; baseline -0.004 0"><span class='ocrx_word' id='word_1_234' title='bbox 2177 3978 2400 4057; x_wconf 85' lang='lat' dir='ltr'>etiam</span> 
     </span>
    </p>
   </div>
   <div class='ocr_carea' id='block_1_6' title="bbox 2577 8 2588 1410">
    <p class='ocr_par' dir='ltr' id='par_1_6' title="bbox 2577 8 2588 1410">
     <span class='ocr_line' id='line_1_33' title="bbox 2577 8 2588 1410; baseline 0 0"><span class='ocrx_word' id='word_1_235' title='bbox 2577 8 2588 1410; x_wconf 95' lang='lat' dir='ltr'> </span> 
     </span>
    </p>
   </div>
   <div class='ocr_carea' id='block_1_7' title="bbox 529 4091 995 4194">
    <p class='ocr_par' dir='ltr' id='par_1_7' title="bbox 529 4091 995 4194">
     <span class='ocr_line' id='line_1_34' title="bbox 529 4091 995 4194; baseline 0.006 -29"><span class='ocrx_word' id='word_1_236' title='bbox 529 4099 629 4194; x_wconf 62' lang='lat' dir='ltr'>y]</span> <span class='ocrx_word' id='word_1_237' title='bbox 677 4091 995 4189; x_wconf 79' lang='lat' dir='ltr'>fulgente.</span> 
     </span>
    </p>
   </div>
  </div>
 </body>
</html>
