2617 4617
834 300 1379 371 m
1645 398 1658 426 ι
1916 322 2064 403 ³¹9

33 493 217 597 ipse
253 468 405 576 no'n
436 462 703 600 eleg-it,
755 518 977 598 quam
1005 492 1313 576 salutem
1355 495 1584 576 totius
1603 464 1963 604 ficclefie,
2009 496 2166 603 pro'

33 634 210 713 qua
267 611 507 689 voluit
552 607 977 715 sanguinem
1020 613 1414 746 proprium
1478 610 1900 711 effundere,
1979 640 2160 698 nam

32 731 216 813 fic
190 754 281 809 m
307 727 524 807 fimili
556 729 741 807 dixit
789 730 981 808 Inna.
1017 729 1096 806 in
1122 755 1178 806 c.
1224 733 1402 833 quod
1412 728 1629 833 super
1664 733 1790 811 bis.
1838 737 1925 812 de
1973 749 2154 814 voto.

33 849 268 951 qnod
315 869 466 924 non
502 842 749 924 fuisset
788 842 1119 925 Christus
1171 847 1481 952 diligens
1535 850 1750 930 Pater
1788 852 2158 949 familias,
2251 926 2275 948 „

32 970 94 1050 fi
142 989 313 1046 non
357 962 721 1049 dimififl'et
778 965 857 1042 in
901 980 1103 1045 terra
1116 946 1461 1068 ‘aliquem
1511 971 1638 1069 qui
1680 971 1846 1052 vice
1882 968 2160 1052 Christi

34 1108 211 1165 non
246 1086 481 1188 posset
531 1085 926 1167 subvenire
964 1087 1303 1168 omnibus
1346 1088 1884 1170 necessitatibus
1917 1092 2159 1173 eccle·

35 1201 205 1301 fie3
259 1203 366 1279 ita
414 1202 577 1280 dico
626 1201 822 1301 quod
866 1199 1049 1279 ficut
1073 1197 1418 1280 subvenit
1451 1203 1748 1283 ecclefie
1779 1205 2156 1287 dimitten-

42 1327 151 1402 do
192 1323 564 1433 vicarium
586 1380 610 1416 ‚
663 1324 766 1401 ita
799 1308 949 1401 non
1000 1323 1102 1402 est
1130 1321 1525 1403 verisimile
1560 1329 1760 1426 quod
1796 1350 1946 1407 non
1981 1327 2158 1409 sub-

38 1438 361 1520 venerit
400 1437 696 1519 ecclesie
726 1438 1163 1516 dimittendo
1194 1439 1631 1538 potestatem
1674 1437 1898 1543 super
1943 1443 2152 1523 vica·
2243 1502 2246 1511 ·

38 1558 259 1653 rium
280 1609 335 1651 ,,
370 1555 437 1645 fi,
455 1556 917 1638 convertitur
959 1557 1036 1635 in
1071 1556 1379 1655 lupumz,
1442 1554 1516 1633 ez
1567 1556 1698 1635 iste
1747 1555 2155 1657 persuasio-

45 1700 188 1756 nes
223 1674 396 1778 sunt
424 1700 519 1756 ex
547 1674 1193 1775 superabundanti.
1247 1696 1416 1753 nam
1455 1672 1665 1753 recle
1708 1674 1875 1776 jure
1914 1677 2156 1776 potest

47 1793 366 1873 ecclelia
413 1795 815 1895 providere
877 1792 1215 1871 omnibus
1286 1791 1429 1869 suis
1475 1791 2010 1873 neceffitatibus
2054 1817 2156 1875 ex

45 1908 425 2010 potestate
452 1910 797 2012 suprema
823 1933 868 1989 a
902 1906 1194 1992 Christo
1223 1908 1359 1990 fibi
1385 1909 1659 1989 tradita
1683 1924 1771 1987 ut
1802 1909 2009 2010 patet
2054 1926 2156 1989 ex

45 2029 526 2147 supmdiffis‚

72 2310 91 2315 -
132 2294 151 2316 „.
262 2259 548 2344 Ultimo
574 2254 952 2358 'probatur
984 2253 1291 2335 intentio
1324 2251 1574 2335 nostra
1602 2278 1704 2335 ex
1724 2258 2009 2361 ratione
2035 2264 2155 2357 jus

56 2379 170 2460 ris
216 2377 455 2456 civilis
492 2399 632 2492 per
676 2391 823 2463 tax.
842 2369 964 2450 ηδ.
995 2376 1075 2453 in
1116 2373 1163 2450 l.
1207 2369 1274 2475 fi
1326 2368 1692 2451 Cornelius
1708 2370 1805 2471 ff.
1843 2374 1930 2450 de
1964 2371 2148 2472 solta
2226 2474 2230 2479 ff

57 2504 200 2582 ubi
236 2487 583 2580 habetur.
614 2496 694 2576 fi
728 2499 1072 2578 mandavi
1105 2495 1356 2595 Titio,
1407 2511 1506 2575 ut
1522 2520 1682 2576 rem
1721 2521 1960 2616 meam
1993 2513 2148 2579 tra-

57 2633 282 2709 deret
298 2625 781 2727 Sempronio,
827 2626 879 2705 fi
913 2624 1233 2703 conditio
1253 2622 1665 2726 Sempronii
1701 2622 1807 2704 est
1841 2616 1944 2703 ita
1982 2650 2178 2715 mu«

57 2762 226 2825 tata
255 2795 282 2839 .,
323 2746 520 2843 quod
576 2740 1069 2822 verifimiliter
1114 2763 1253 2843 ego
1299 2763 1450 2819 non
1496 2739 1936 2820 m‘andaffem
1986 2764 2152 2826 rem

60 2864 206 2943 fibi
248 2863 480 2953 tradi,
531 2882 677 2940 non
719 2860 939 2940 debet
973 2858 1217 2936 Titius
1275 2881 1439 2938 rem
1486 2848 1618 2936 fibi
1665 2861 2004 2957 tradere,
2054 2883 2152 2940 eo
2285 2907 2290 2913 ·

63 2974 277 3076 quod
324 2995 415 3049 ex
455 2970 613 3049 sola·
660 2973 1040 3049 voluntate
1088 2991 1251 3046 mea
1305 2966 1806 3070 conjeczurata
1853 2973 2170 3053 videtur'

66 3106 516 3175 revocatum
558 3090 1029 3186 mandatum3
1105 3086 1207 3163 ita
1254 3088 1330 3165 in
1360 3085 1789 3197 proposito,
1862 3110 1956 3166 ex
2003 3111 2157 3188 quo

64 3210 241 3315 quis
288 3204 591 3313 eligitur
639 3212 717 3288 in
756 3206 1123 3308 pastorem
1159 3205 1229 3282 ἅ
1283 3207 1793 3306 principaliter
1846 3209 2149 3314 eligitur

64 3346 161 3409 ut
192 3343 447 3427 pascat
465 3349 667 3404 oves,
701 3327 894 3402 unde
914 3319 1241 3401 Christus
1262 3326 1512 3401 volens
1533 3326 1993 3404 committere
2020 3349 2151 3406 cu·

29 3454 245 3549 ‚ram
279 3444 493 3522 Petro
526 3459 644 3520 ter
686 3463 853 3520 eum
894 3440 1135 3536 primo
1169 3440 1706 3541 interrogavit,
1754 3466 1849 3519 an
1883 3444 2146 3548 dilige.

66 3580 193 3648 ret
225 3548 512 3660 ipsum?
542 3561 644 3656 jo.
682 3560 807 3637 ult.
860 3554 934 3632 &⁹
967 3554 1044 3630 in
1079 3579 1135 3633 c.
1159 3553 1572 3659 sigmficasti.
1629 3560 1711 3634 de
1757 3561 1902 3636 elec.
1950 3559 2152 3660 quast

12 3710 15 3715 ’
62 3683 330 3763 innuat
373 3681 569 3777 quod
607 3700 753 3755 non
805 3672 914 3754 est
946 3674 1247 3752 idoneus
1290 3672 1583 3774 pastor,
1631 3678 1934 3777 quinon
1982 3682 2148 3763 dili·

66 3799 186 3901 git
216 3799 500 3892 Deum,
547 3794 602 3872 fi
646 3815 825 3899 ,ergo
870 3792 1076 3868 videt
1122 3791 1434 3891 Eflcclefia
1486 3794 1805 3894 aliquem
1829 3820 1991 3875 non
2035 3800 2153 3881 uti

69 3913 314 3991 officio
348 3908 654 4011 pastoris
690 3906 811 3987 sed
843 3906 1000 4003 lupi
1023 3956 1050 3999 ,
1099 3927 1232 3983 nec
1268 3902 1505 4006 potest
1545 3910 1790 3990 induci
1821 3913 2037 3994 aliter
2061 3932 2147 3997 ut

67 4033 147 4117 se
176 4018 549 4135 corri'gat‘,
586 4027 816 4109 debet
859 4014 955 4104 eit
985 4022 1207 4133 tacita
1239 4024 1624 4110 voluntate
1657 4028 1805 4109 Dei
1849 4031 1955 4106 illi
1985 4029 2152 4108 sub·

1455 4170 1462 4179 ’
1747 4145 2046 4227 trahere
