2617 4617
2573 0 2579 111 l

547 268 694 414 αεὶ
1194 328 1752 409 ‚mma
2017 434 2024 451 ‚

441 521 552 600 nis
572 520 706 599 fic.
744 518 817 597 ἀ
847 530 995 597 tex.
1036 520 1361 617 appellat
1378 518 1765 596 Ecclesiam
1796 530 2105 599 matrem
2143 518 2372 597 etiam
2388 519 2520 597 Pa-

441 662 539 739 pe
571 641 639 716 61
670 642 995 718 omnium
1035 639 1542 719 membrorum
1588 641 1902 720 Ecclesie
1943 641 2116 716 XII.
2157 665 2221 741 q.
2265 641 2348 734 ij.
2409 642 2524 743 qui

443 757 816 853 abstulerit.
879 757 1006 833 ubi
1062 759 1431 833 Anacletus
1490 757 1682 853 Papa
1725 756 1800 833 <iz
1855 755 2127 834 Martii·
2178 754 2280 832 sic
2333 756 2526 832 inter

440 889 692 950 cetera
721 868 897 945 dicit
919 920 944 965 .,
991 869 1206 947 Pater
1237 868 1479 946 noster
1509 870 1609 947 est
1635 868 1782 946 sine
1825 870 2048 947 dubio
2083 868 2292 945 Deus
2315 919 2346 962 ‚
2398 868 2518 967 qui
2583 962 2584 971 Ν

440 1014 574 1071 nos
609 990 934 1085 creavit,
986 1008 1223 1068 mater
1252 990 1494 1067 nostra
1523 991 1837 1068 Ecclesia
1889 990 2031 1088 est,
2091 1013 2233 1088 que
2269 1014 2408 1067 nos
2445 994 2521 1071 iu
2583 994 2584 1023 ³

442 1115 809 1213 baptismo
842 1114 1333 1216 regeneravit.
1365 1112 1680 1190 aelidem
1724 1141 1787 1192 c.
1823 1128 2161 1193 recurrat
2177 1111 2516 1190 XXXII.

442 1260 507 1340 q.
542 1232 720 1310 1111.
758 1228 831 1306 Β
864 1256 924 1307 c.
962 1250 1242 1333 quorum
1266 1231 1441 1307 vices
1477 1212 1835 1310 LXVIII.
1876 1233 1972 1309 di.
2014 1229 2141 1306 u'bi
2181 1226 2522 1323 Augusti-

441 1350 816 1452 nussuper
867 1354 994 1429 illo
1058 1353 1292 1430 verbo
1349 1348 1745 1450 psalmiste:
1795 1355 1932 1433 Pro
1983 1355 2323 1455 patribus
2375 1356 2518 1431 tuis

439 1468 594 1548 nati
636 1465 799 1545 sunt
837 1465 974 1542 tibi
1013 1464 1190 1564 filij,
1257 1464 1645 1542 constitues
1700 1464 2238 1567 eos'principes
2297 1468 2521 1568 super

438 1596 734 1660 ⁸ornnem
801 1593 1119 1670 terram,
1191 1577 1569 1657 bellissime
1621 1581 1839 1681 dicit,
1931 1584 2125 1682 quod
2195 1606 2344 1682 per
2394 1585 2522 1660 illa

440 1700 677 1780 verba
715 1684 1068 1797 apparet,'
1135 1720 1451 1797 quorum
1499 1702 1695 1778 vices
1746 1703 1818 1779 in
1862 1702 2173 1782 Ecclesia
2224 1706 2312 1797 r)
2383 1700 2518 1801 ipsi

314 1866 339 1895 .
438 1834 705 1929 gerant
755 1816 826 1893 ἀ
873 1818 1032 1916 quis
1082 1818 1184 1896 eis
1240 1818 1428 1895 hanc
1481 1819 1903 1922 dignitatem
1961 1825 2131 1899 dare
2189 1822 2522 1923 debeat,

439 1955 611 2029 nam
647 1948 888 2024 Patres
935 1942 1238 2020 fuerunt
1280 1943 1664 2043 Apostoli,
1714 1966 1852 2043 pro
1887 1947 2258 2045 Apostolis
2307 1969 2520 2022 nam-

442 2090 588 2169 que
619 2064 748 2160 filij
779 2062 930 2139 nati
970 2056 1134 2136 sunt
1161 2059 1230 2134 ἀ
1262 2060 1629 2139 constituti
1664 2058 1827 2139 sunt
1854 2063 2234 2163 Episcopi3
2273 2062 2521 2139 „hodie

439 2187 638 2266 enim
675 2176 1012 2279 Episcopi
1053 2178 1179 2276 qui
1222 2174 1388 2255 sunt
1416 2200 1550 2276 per
1581 2193 1814 2258 totum
1859 2185 2261 2275 mundum..
2315 2182 2524 2257 unde

440 2305 595 2387 nati
627 2299 835 2396 sunt,
882 2296 1174 2376 ecclesia
1216 2296 1411 2375 enim
1459 2296 1638 2377 illbs
1662 2302 1912 2400 genuit
1951 2303 2022 2383 δι
2075 2298 2226 2401 ipsa
2255 2302 2520 2380 Eccle-
2591 2296 2592 2303 ‘

441 2417 546 2501 fia
575 2419 736 2495 illos
781 2414 1149 2493 constituit
1202 2414 1279 2491 in
1324 2412 1608 2494 sedibus
1654 2416 1947 2496 Patrum
2000 2419 2072 2495 δι
2125 2414 2521 2519 subiungit

438 2533 812 2631 loquendo
843 2527 1132 2608 ecclesie
1164 2518 1600 2620 universali,
1648 2554 1793 2609 non
1826 2548 1898 2610 te
1919 2556 2097 2636 ergo
2131 2547 2354 2630 putes
2391 2536 2521 2608 de-

310 2628 315 2635 *
378 2734 383 2737 ,
444 2654 755 2748 sertam3
808 2650 1145 2749 quianon
1167 2646 1367 2726 vides
1391 2650 1733 2745 Paulum
1784 2675 1929 2730 non
1961 2654 2162 2730 mdes
2188 2655 2521 2748 Petrum,

440 2768 616 2869 quia
654 2787 801 2842 non
842 2764 1046 2840 vides
1078 2763 1240 2840 illos
1274 2786 1410 2862 per
1449 2786 1627 2863 quos
1678 2782 1848 2842 nata
1901 2789 1975 2844 es
2009 2767 2095 2843 de
2126 2767 2347 2865 prole
2389 2782 2522 2841 tua

439 2879 679 2961 crevit
711 2878 850 2955 tibi
877 2877 1319 2975 paternitas,
1394 2899 1533 2977 pro
1571 2880 1902 2977 patribus
1951 2880 2092 2963 tuis
2136 2880 2291 2956 nati
2346 2877 2516 2956 sunt

436 2995 576 3073 tibi
605 2995 735 3094 filij
756 3051 778 3088 ,
829 2997 1209 3074 constitues
1237 3020 1357 3074 eos
1389 2998 1749 3097 principes
1784 2996 2001 3096 super
2036 3021 2332 3076 onmem
2358 3015 2514 3076 ter·

437 3138 597 3195 ram
621 3168 646 3213 7
696 3116 881 3193 filios
916 3117 1169 3217 genuit
1204 3115 1504 3194 Ecclesia
1538 3115 1606 3191 ἀ
1643 3118 2013 3194 constituit
2042 3141 2162 3195 eos
2198 3139 2343 3216 pro
2375 3140 2515 3217 pa·

432 3222 674 3308 'tribus
719 3227 860 3306 suis
895 3229 1259 3327 principes
1292 3228 1512 3328 super
1545 3226 1833 3305 dmnem
1862 3245 2179 3321 terram,
2229 3227 2284 3305 fi
2323 3251 2512 3329 ergo

436 3345 869 3427 universalis
918 3349 1226 3425 Ecclesia
1277 3344 1542 3450 genuit
1597 3369 1734 3443 per
1782 3345 2228 3444 baptismatis
2268 3342 2514 3422 siicra

435 3482 764 3546 mentum
799 3465 869 3542 δε
898 3466 1162 3562 Papam
1206 3463 1275 3539 δι
1317 3487 1560 3540 omncs
1591 3459 1979 3560 Episcopos
2021 3459 2109 3537 ἃ
2152 3482 2272 3535 eos
2328 3481 2510 3536 con·

433 3581 664 3662 stituit
703 3581 777 3657 in
807 3576 1090 3655 sedibus
1136 3574 1495 3655 Patrum
1477 3601 1547 3651 m
1587 3575 1831 3651 locum
1869 3571 2060 3650 Petri
2109 3568 2385 3647 scilicet
2433 3571 2510 3648 ec

432 3697 753 3776 aliorum
792 3693 1320 3790 Apostolorum
1368 3686 1738 3766 manifeste
1787 3701 1990 3782 patet
2030 3685 2499 3784 preeminen-

432 3809 537 3887 tia
571 3806 878 3886 Ecclesie
912 3805 1334 3884 universalis
1369 3808 1461 3882 ad
1497 3788 1757 3900 Papam
1803 3800 1869 3876 ὁὶ
1900 3803 1993 3878 ad
2036 3821 2282 3877 omnes
2337 3799 2494 3894 epi-

433 3921 685 4021 scopos
717 3917 787 3996 <51
819 3920 1342 3996 Reverentiam
1365 3970 1389 4015 .,
1442 3939 1658 4016 quam
1695 3913 1913 3993 debet
1942 3913 2132 4011 Papa
2156 3909 2222 3983 Sc
2244 3931 2493 3987 omnes

2055 4026 2391 4126 Episcopi

527 4158 610 4244 r)
662 4143 943 4222 Ecclesia
992 4138 1323 4245 Episcopi.
