2617 4617
644 351 786 435 236
1053 309 1833 416 ’,Μ

544 531 1012 611 translatione
1043 523 1361 608 violaret
1398 544 1550 608 tam
1588 531 1680 630 p)
1727 553 1991 635 magna
2032 533 2404 631 decreta,

538 642 788 724 sertim
848 635 1245 724 Decretum
1313 643 1863 723 Constantienfis
1895 697 1926 742 ‚
2021 670 2167 745 quo
2240 663 2543 726 cavetur

543 760 742 858 quod
773 757 1193 835 imminente
1225 754 1555 860 legitima
1608 753 1821 835 causa
1861 760 2382 854 translationis

536 877 686 977 cilij
734 876 951 956 debet
1000 873 1237 976 ipsum
1287 876 1701 956 Concilium
1744 879 1837 955 ad
1881 881 2124 958 locum
2156 881 2493 960 vicinior
2566 967 2567 978 Ν

536 992 860 1093 ejusdem
903 991 1214 1071 nationis
1244 990 1666 1089 transferri,
1723 993 1857 1073 nist
1897 995 2021 1072 illa
2059 993 2276 1074 causa
2332 1011 2567 1098 urgens

536 1125 1012 1193 concerneret
1041 1126 1281 1190 totam
1310 1112 1676 1192 nationem
1706 1111 1906 1192 illam
1924 1165 1952 1214 ,
1996 1112 2115 1193 sed
2148 1111 2517 1214 ipsadifl‘

537 1230 654 1307 vit
714 1228 1123 1306 Concilium
1190 1224 1453 1329 vigore
1511 1225 1877 1327 processus
1934 1228 2262 1307 inchoati
2348 1250 2497 1309 con
2568 1309 2569 1320 Ν

535 1371 753 1444 eum,
800 1349 1281 1449 pretendens,
1331 1349 1525 1448 quod
1556 1349 1632 1426 in
1662 1348 1934 1428 Bafilea
1972 1374 2130 1459 non
2158 1366 2335 1432 erat
2378 1352 2570 1431 libet-

536 1479 648 1545 τις
687 1465 758 1542 ἀ
797 1466 1062 1543 multas
1111 1463 1285 1541 alias
1342 1461 1586 1544 causas
1635 1457 1941 1545 frivolas
1979 1467 2397 1573 allegavit,
2466 1483 2570 1564 que

531 1579 872 1684 profefi’to
909 1576 1273 1658 veraciter
1300 1602 1451 1658 non
1490 1593 1835 1680 poterant
1874 1598 2104 1664 totam
2154 1584 2570 1665 Almaniam

536 1719 998 1785 concernere.
1030 1696 1535 1780 transferendo
1563 1722 1743 1801 ergo
1770 1701 1864 1780 ad
1893 1703 2174 1783 Italiam
2189 1755 2218 1799 ‚
2275 1699 2571 1816 violavit

533 1813 719 1896 illud
756 1813 1132 1890 decretum
1174 1805 1247 1887 Gt
1286 1808 1396 1887 ibi
1446 1806 1767 1908 expresse
1808 1810 1887 1889 in
1943 1813 2084 1892 hoc
2129 1810 2572 1913 disponitur,

535 1930 733 2032 quod
762 1928 956 2024 Papa
1004 1922 1148 2010 hoc
1186 1920 1433 2000 facere
1476 1944 1625 2000 non
1664 1921 1901 2020 poffit.
2001 1925 2438 2008 Secundum
2478 1909 2571 2002 ‹le-⁷

535 2062 820 2135 cretum
849 2044 993 2124 fuit
1019 2033 1203 2122 sacri
1233 2040 1622 2124 Basilienfis
1659 2042 1967 2145 Concilij
2000 2046 2076 2124 in
2115 2046 2246 2126 XI.
2286 2045 2567 2127 senione

534 2157 813 2241 editum
832 2216 858 2256 ‚
908 2165 1045 2261 per
1061 2181 1228 2239 eum
1259 2173 1346 2237 ut
1371 2153 1592 2257 supra
1619 2158 1771 2236 dixi
1802 2159 2291 2259 approbatum
2314 2215 2346 2262 .,
2400 2159 2566 2264 quod

534 2272 944 2409 Concilium
990 2299 1084 2355 ex
1124 2275 1330 2407 nulla
1372 2272 1584 2405 φηςι
1621 2276 1855 2373 potest
1892 2275 2038 2356 fine
2063 2274 2191 2356 suo
2229 2275 2561 2413 consensu

530 2387 917 2469 transferri
959 2389 1079 2467 vel
1122 2384 1408 2465 d1ss'olv1
1458 2400 1677 2466 enam
1718 2409 1857 2486 per
1923 2388 2211 2489 Papam.
2330 2392 2565 2473 Viola-

529 2502 647 2578 vit
685 2506 906 2585 tertio
958 2505 1481 2585 concordatum
1522 2527 1690 2583 cum
1738 2505 1990 2584 Grecis
2008 2558 2033 2600 ,
2102 2508 2312 2608 quod
2350 2447 2573 2591 etiam*

526 2618 830 2719 ipsemet
859 2622 1064 2724 prius
1088 2622 1678 2723 approbaverat,
1722 2636 1808 2700 ut
1830 2615 2103 2703 dietum
2125 2623 2270 2703 fuit
2302 2629 2399 2709 in
2419 2645 2556 2708 nar·

503 2739 809 2818 -ratione
852 2736 1094 2837 casus3
1138 2762 1305 2817 nam
1340 2738 1610 2816 ibidem
1655 2738 2095 2832 cavebatur,
2144 2747 2354 2842 quod
2386 2749 2557 2828 Con·

526 2853 775 2935 cilium
806 2853 1111 2934 debebat
1153 2854 1465 2935 firmiter
1506 2855 1690 2935 stare
1744 2855 1823 2934 in
1853 2857 2155 2960 Bafilea,
2217 2881 2366 2940 nee
2411 2860 2557 2940 inde

489 2963 598 3045 ‘se
628 2969 1024 3049 transferre
1040 2983 1076 3067 ‚‘
1116 2971 1347 3048 donec
1384 2969 1600 3049 Greci
1639 2964 1714 3046 se
1756 2970 2213 3069 applicarent
2248 2975 2354 3052 ad
2410 2974 2557 3057 ulti-

520 3109 726 3166 mum
762 3104 1059 3188 portum
1099 3090 1351 3186 Italie,
1398 3090 1470 3166 dt
1502 3086 1554 3166 fi
1585 3073 1866 3167 interea
1892 3090 2309 3171 immineret
2339 3097 2552 3175 ratio·

521 3202 781 3284 nabilis
826 3203 1034 3285 causti
1062 3206 1245 3283 illud
1280 3204 1808 3299 transferendi,
1854 3208 2052 3304 quod
2086 3205 2297 3286 fieret
2329 3223 2546 3289 trans·

520 3322 696 3400 latio
731 3325 935 3422 juxta
963 3322 1301 3402 formam.
1337 3323 1804 3438 e.·'frequens.
1857 3319 2015 3421 Ipse
2038 3340 2281 3403 autem
2331 3350 2550 3427 quon·

520 3441 685 3516 dam
716 3438 1080 3544 Eugenius
1121 3437 1441 3525 dissolvit
1487 3436 1605 3515 seu
1656 3437 2028 3514 transtulit
2071 3454 2240 3516 ante
2282 3444 2551 3522 adven·

515 3572 675 3636 tum
712 3558 1114 3638 Grecorum
1135 3609 1161 3654 .,
1208 3561 1409 3639 nulla
1455 3555 1863 3635 subsistente
1897 3553 2106 3634 causa
2140 3557 2547 3640 rationabili

512 3676 587 3752 ἀ
625 3675 769 3753 esto
816 3676 1011 3775 quod
1043 3672 1327 3778 fuiss'et,
1390 3670 1703 3756 debebat
1754 3667 2050 3751 servare
2103 3671 2417 3796 femiam
2458 3675 2541 3750 il-

509 3793 647 3874 lius
689 3818 751 3872 c.
791 3791 1137 3900 frequens.

2204 3981 2457 4062 offan

581 4135 675 4240 p)
719 4137 843 4207 tria
877 4158 1145 4235 magna·
