2617 4617
861 293 1395 367 ema
1914 313 2050 395 ¹55

105 464 592 589 quoscunoue
612 483 697 581 gy)
737 478 947 560 causa
985 480 1288 581 Concilij
1328 478 1431 556 ibi
1470 473 1869 557 existentes.
1964 485 2151 573 Item

100 605 516 683 intimando
544 601 905 678 nobilibus
925 600 1006 698 z)
1036 598 1104 673 ἀ
1138 595 1776 685 communitatibus
1806 620 1940 696 per
1958 602 2144 676 Ger-

101 721 431 802 maniam
469 720 922 817 constitutiS,
1000 718 1194 817 quod
1235 732 1609 816 portantes
1660 714 2001 797 victualia
2049 720 2149 795 ad

95 839 444 940 Basileam
477 830 759 935 post-'ent
801 859 847 912 a
901 829 1448 932 quib'uscunque
1491 832 1755 910 Christi
1813 832 2145 910 fidelibus

101 953 435 1050 impune
450 949 784 1050 spoliari3
843 948 966 1030 sed
1012 954 1258 1051 plures
1307 951 1834 1050 responderunt
1879 949 2147 1047 nuntiis

102 1067 532 1168 hujusmodi
571 1066 1104 1145 notificantibus
1144 1079 1225 1155 a)
1265 1065 1340 1145 se
1381 1067 1574 1145 velle
1622 1066 1894 1145 imitari
1934 1069 2149 1145 vesti-

104 1189 237 1292 gia
270 1187 562 1276 Patrum
592 1183 886 1262 suorum
928 1186 1227 1284 quinon
1256 1185 1750 1284 spoliaverunt
1780 1179 2150 1261 transeun-

105 1318 270 1399 τες,
317 1298 440 1376 std
473 1299 832 1389 faciebant
864 1299 1205 1400 justitiam
1257 1318 1514 1378 contra
1556 1321 1677 1378 eos
1723 1299 1849 1397 qui
1887 1297 1961 1373 in
2004 1293 2149 1373 suis

106 1415 503 1516 territorijs
549 1418 729 1493 alios
789 1413 1233 1515 spoiiabant3
1295 1414 1711 1517 scripsitque
1758 1435 1928 1493 tunc
1969 1412 2149 1491 olim

104 1535 481 1640 Eugenius
511 1536 800 1615 litteras
830 1538 923 1614 ad
951 1536 1315 1635 Principes
1358 1535 1745 1617 Germanic
1791 1549 1875 1613 ut
1919 1554 2151 1611 revo-.

107 1671 368 1737 carent
387 1652 634 1734 salvos
679 1655 1075 1735 conductus
1126 1656 1179 1734 fi
1214 1678 1394 1756 quos
1442 1654 1922 1736 concefferant
1951 1655 2145 1732 Con-

111 1779 285 1860 cilio
316 1762 711 1877 Bafilienfi‘,
758 1774 1509 1880 persequerentur-que
1534 1780 1770 1858 Patres
1803 1797 2146 1878 tanquam
2264 1772 2271 1777 ’

104 1895 350 1976 hostes
390 1892 560 1973 fidei
591 1893 1039 1989 Christiane,
1086 1890 1203 1971 sed
1248 1899 1497 1993 plures
1541 1914 1636 1969 ex
1676 1894 1815 1972 illis
1860 1914 2004 1971 non
2035 1889 2144 1966 as-

104 2013 491 2096 sentientes
532 2027 731 2090 tante
765 2014 1129 2112 iniquitati
1168 2015 1387 2093 etiam
1429 2016 1516 2091 de
1556 1994 2143 2094 novo'conceffe-

104 2145 291 2210 runt
315 2125 474 2204 snos
494 2124 728 2206 salvos
754 2129 1147 2206 conductus
1181 2127 1382 2208 sacro
1402 2127 1765 2207 Bafilienfi
1783 2126 2155 2207 Conciiio„

104 2246 232 2326 De
263 2239 499 2322 mense
536 2257 781 2321 autern
813 2244 1068 2343 Martii
1104 2244 1417 2344 prediffi
1442 2245 1645 2323 Anni
1688 2244 1861 2321 diffl
1908 2245 2144 2338 Impe-

108 2376 332 2457 rator„
352 2359 754 2437 Grecorum
787 2358 857 2434 δε
885 2358 1297 2440 Patriarcha
1318 2359 2142 2458 constantinopolitanus

108 2470 383 2570 alquue
411 2467 628 2546 Greci
669 2466 959 2571 ingressi
1004 2466 1166 2549 sunt
1206 2471 1609 2551 Ferrariam
1660 2468 1730 2547 ez
1782 2490 1971 2547 nona
2026 2467 2144 2544 die

106 2586 398 2687 Aprilis
428 2584 661 2662 tribus
704 2572 899 2699 quasi
931 2585 1080 2686 jam
1109 2589 1464 2669 menfibus
1493 2613 1539 2671 a
1568 2587 2011 2691 suspensione
2051 2589 2147 2666 il-·

101 2709 253 2787 lius
296 2727 341 2782 a
369 2704 638 2803 Papatu
675 2719 872 2785 tenta
902 2708 1003 2785 est
1023 2708 1128 2791 ibi
1169 2711 1388 2789 tertia
1421 2709 1753 2813 pretensa
1784 2708 1985 2789 seffio
2015 2711 2142 2787 de·

102 2823 452 2905 clarando
493 2824 580 2900 de
619 2820 816 2900 fano
859 2828 1057 2921 quod
1104 2826 1322 2905 etiam
1362 2851 1454 2906 ex
1497 2826 1828 2908 consensu
1870 2830 2153 2904 Greco-
2198 2880 2207 2885 -

102 2961 290 3021 rum
334 2936 657 3015 Ferraria
689 2936 858 3016 effet
894 2941 1092 3021 locus
1121 2945 1215 3019 ad
1246 2946 1757 3025 celebrandum
1809 2965 2142 3021 oecume-

105 3055 361 3137 nicum
393 3051 844 3148 Concilium,
890 3061 1084 3153 quod
1117 3059 1362 3157 postea
1400 3077 1483 3139 ut
1531 3061 1855 3154 dicebat,
1908 3077 2142 3138 trans·

8 3223 11 3242 .
102 3170 386 3250 tulitin
431 3171 896 3266 Florentiam,
974 3172 1254 3254 sacrum
1320 3192 1564 3254 autem
1617 3178 2016 3256 Concilium
2063 3178 2141 3273 h)
2182 3246 2190 3271 „

101 3304 323 3374 utens
365 3285 905 3372 mansuetudine
964 3290 1173 3374 solita
1223 3299 1300 3391 c)
1336 3318 1442 3427 ac
1489 3294 1932 3378 humanitate
1972 3304 2175 3381 licet.

123 3480 140 3485 *
194 3544 292 3642 y)
339 3541 541 3619 causo.
589 3541 805 3625 omiss‘.
1791 3423 2036 3520 predi

205 3661 298 3753 z)
345 3655 551 3739 omiss.
590 3664 658 3732 ἀ
712 3664 1279 3786 communitatibus
1313 3696 1433 3773 per
1466 3680 1871 3776 germaniam
1905 3675 2148 3753 consti-

364 3760 551 3841 tutis,
598 3755 779 3858 qnod
815 3761 960 3838 ὅτε.

209 3872 294 3966 α)
337 3873 765 3951 notificando.

216 3985 301 4085 b)
342 3989 707 4069 Bafileense.

191 4110 296 4207 ἵιε)
340 4137 418 4190 ac
445 4113 872 4195 humanitate.
907 4108 1119 4197 omisst
1222 4214 1227 4223 ⁶
