2617 4617
894 290 1442 381 Μ
1925 327 2096 405 -293

58 500 437 601 tici-em.
537 503 820 591 Poffent
864 506 936 584 δι
971 507 1118 587 alia
1161 508 1384 606 plura
1428 504 1593 604 iura
1626 502 1979 607 allegari,
2055 505 2202 602 que

88 616 376 717 tamen
412 654 568 717 non
615 628 718 703 ita
749 624 1114 730 stringunt
1138 627 1322 706 ficut
1348 625 1722 725 prediaa,
1787 625 1954 702 ideo
1997 619 2198 702 suffi-

87 749 279 826 ciat
307 745 382 822 in
409 739 939 843 presentiarum
995 740 1172 818 clare
1222 738 1648 840 responsum
1691 742 1788 819 ad
1844 740 1971 817 illa
2007 734 2202 817 scili·

89 879 289 957 eet,
352 872 524 938 nam
577 854 903 958 ipsorum
949 857 1334 936 intellectu
1387 858 1790 937 dilucidato
1845 852 2199 935 facillime

87 977 408 1078 patebit
439 977 534 1097 ad
564 977 704 1055 alia
732 976 943 1078 jura,
991 975 1045 1054 fi
1084 1000 1232 1077 qua
1257 975 1467 1076 sunt,
1513 972 1909 1077 responfio.

321 1115 418 1189 Et
460 1112 703 1211 primo
753 1111 847 1188 ad
902 1136 960 1187 c.
1031 1113 1343 1191 aliorum.
1396 1112 1926 1214 respondetur,
1996 1110 2200 1209 qnod

96 1236 633 1318 non‘excludit
671 1228 953 1309 sacrum
987 1231 1396 1310 Concilium
1419 1283 1446 1329 ,
1509 1243 1757 1332 patet,
1817 1227 1991 1326 quia
2038 1242 2193 1305 tex.

103 1360 350 1452 dicit,
401 1355 597 1456 quod
628 1348 867 1429 causas
905 1351 1224 1429 aliorum
1260 1353 1463 1430 Deus
1498 1375 1548 1426 v
1554 1350 1740 1544 o(uit
1778 1371 1918 1447 per
1949 1347 2198 1427 homi·

95 1496 253 1552 nes
287 1468 667 1548 terminari
697 1466 832 1542 oze.
887 1467 1239 1544 excludit
1234 1488 1426 1570 ergo
1455 1468 1808 1567 judcium
1840 1464 2201 1543 duntaxat

108 1586 517 1668 hominum
545 1633 571 1677 ,
651 1577 848 1681 quasi
897 1579 1252 1678 innuenS,
1301 1584 1502 1681 quod
1530 1582 1774 1660 nullus
1820 1579 1882 1679 l)
1932 1578 2194 1659 unicus
2309 1582 2326 1591 ⁷

109 1708 208 1785 id
238 1703 386 1798 est,
432 1697 742 1801 persona
773 1697 1157 1800 singularis
1205 1700 1440 1797 potest
1496 1702 1587 1777 de
1629 1699 1824 1805 Papa
1867 1695 2197 1797 judicare

108 1829 204 1905 δε
234 1828 431 1926 quod
469 1825 612 1901 hoc
656 1820 743 1898 fit
787 1842 1100 1918 verum,
1168 1821 1440 1920 probat
1483 1835 1634 1898 tex.
1684 1821 1760 1897 in
1791 1819 1987 1895 dielo
2038 1841 2093 1897 c.
2126 1817 2197 1920 fi

107 1955 378 2051 Papa,
424 1947 555 2025 ubi
607 1942 782 2022 dicit
827 1943 1025 2044 quod
1082 1946 1511 2023 mortalium
1571 1940 1814 2022 nullus
1864 1940 2195 2047 judicare

108 2072 369 2177 potest
394 2069 530 2146 dic.
559 2066 683 2144 sed
713 2066 1009 2144 Pan-um
1043 2067 1407 2146 Generale
1442 2065 1855 2148 Concilium
1884 2064 2194 2143 univer·

113 2187 351 2269 salem
382 2184 768 2265 Ecclesiam
798 2180 1299 2279 representans
1332 2206 1482 2261 non
1528 2182 1796 2260 dicitur
1829 2183 2196 2276 mortale,

116 2326 372 2404 neque
406 2299 611 2378 venit
655 2297 1144 2397 appellatione
1198 2299 1584 2377 hominum
1629 2311 1715 2376 ut
1767 2297 1845 2375 in
1884 2298 1933 2374 l.
1966 2295 2070 2388 iij.
2116 2296 2191 2393 §.

113 2426 240 2509 bec
266 2433 493 2497 autem
537 2413 769 2494 verba.
806 2409 910 2519 ff.
959 2414 1044 2489 de
1076 2435 1264 2507 nego.
1342 2413 1502 2510 gest.
1549 2413 1623 2492 &
1648 2411 1765 2515 fa.
1817 2436 1876 2490 c.
1932 2410 2190 2489 liberti.

121 2537 313 2618 XII.
349 2559 414 2637 q.
448 2531 527 2627 ij
564 2530 637 2605 ἀ
691 2516 889 2629 quod
933 2526 1082 2608 no'n
1122 2528 1338 2627 poflit
1385 2522 1696 2635 intelligi
1727 2528 1816 2604 de
1855 2526 2191 2605 Concilio

118 2648 467 2755 probabo
523 2642 667 2720 alia
720 2638 1034 2740 respons
1013 2664 1226 2743 one,
1305 2665 1479 2722 nam
1516 2647 1612 2722 ad
1657 2642 2196 2722 excludendum

12 2846 15 2851 .
117 2763 713 2869 iurisdietionem
769 2760 1087 2838 aliorum
1132 2757 1354 2893 supra
1413 2761 1682 2860 Papam
1740 2760 2011 2862 allegat
2060 2758 2193 2839 me

115 2896 372 2968 textus
432 2878 610 2953 duas
666 2873 985 2951 rationes
1003 2923 1030 2969 ,
1121 2875 1366 2971 prima
1417 2890 1729 2973 propter
1783 2860 2194 2955 Primatum
2357 2868 2366 2873 ⁴

119 3019 354 3100 quem
393 2992 673 3091 recepit
702 3012 838 3089 per
863 2992 991 3069 illa
1025 2991 1294 3072 verba.
1346 2994 1470 3073 Tu
1502 3017 1594 3072 es
1581 2994 1846 3071 Petrus
1870 2991 1943 3070 δε
1970 2990 2195 3089 super
2313 3064 2318 3069 .

118 3114 321 3191 hanc
347 3124 635 3205 petram
664 3108 800 3185 dcc.
858 3103 930 3181 δε
975 3128 1403 3205 quecunque
1433 3106 1738 3187 solveris
1773 3104 1992 3204 super
2035 3124 2191 3184 ter-

118 3253 290 3311 ram
318 3226 455 3306 ἃς.
489 3223 798 3304 secunda
832 3225 1070 3322 ratio,
1120 3228 1290 3325 quia
1327 3251 1512 3307 voce
1540 3224 1953 3308 ianuarum
2000 3226 2192 3304 Pon·

123 3345 414 3450 tificum
458 3345 651 3422 illius
693 3340 874 3419 sedis
925 3341 1236 3449 dignitas
1292 3344 1491 3424 faita
1539 3345 1638 3423 est
1692 3341 2222 3427 venerabili35'

120 3469 308 3544 dum
340 3462 493 3557 illi,
542 3459 896 3559 quidquid
925 3457 1253 3537 fidelium
1285 3463 1427 3557 est,
1474 3461 1749 3562 ubique
1777 3459 2191 3562 subjicitur,

122 3587 307 3661 dum
355 3581 579 3657 totius
634 3579 967 3677 corporis
1018 3596 1239 3677 caput
1288 3578 1429 3661 effe
1472 3579 1850 3709 signatur
1825 3580 1960 3658 dcc.
2020 3600 2194 3659 nam
2357 3636 2362 3641 .

121 3703 370 3804 prima
402 3700 594 3778 ratio
627 3721 774 3777 non
807 3700 1146 3777 vendicat
1180 3700 1312 3780 fibi
1356 3705 1600 3779 locum
1656 3660 1875 3800 supra
1924 3704 2190 3784 Conci·

124 3822 356 3914 lium,
411 3818 581 3918 quia
609 3834 692 3894 ut
721 3812 941 3914 supra
983 3814 1146 3894 satis
1191 3820 1585 3916 probatum
1615 3817 1798 3913 fuit,
1848 3820 1974 3897 illa
2013 3845 2188 3899 ver-

122 3926 262 4010 ba.
311 3954 394 4009 tu
426 3954 499 4009 es
534 3931 792 4011 Petrus
830 3929 966 4009 dcc.
1006 3929 1170 4009 sunt
1200 3932 1395 4021 dicia
1428 3931 1559 4045 ipsi
1599 3932 1810 4011 Petro
1847 3949 2195 4030 tanquam

598 4116 607 4123 .
1179 4050 1253 4127 T
1307 4070 1347 4140 3
1803 4053 2094 4149 gerenti

222 4148 297 4243 1>
343 4146 558 4219 nullus
608 4151 865 4231 vivens·
1529 4154 1538 4163 “
