2617 4617
22 0 53 482 ⁸

295 500 460 591 cilii
498 532 594 593 ac
609 503 947 624 Imperii
976 500 1061 588 81
1095 499 1487 622 deinceps
1526 532 1692 626 pro
1739 508 2176 603 estimatios

190 743 203 760 ¹
294 656 408 715 ne
454 630 539 717 81
575 635 915 718 honoris
950 627 1067 716 sui
1092 629 1748 747 praeservatione.

148 758 321 852 lnit.
379 764 467 851 Si
501 761 861 880 majestas
892 761 1028 851 sua
1053 762 1340 882 Regia.
1641 835 1645 840 -

459 896 682 986 Cod.
716 897 923 986 Can.
967 918 1151 1052 115.
1185 890 1248 984 f.
1286 918 1479 1019 309.
1515 923 1603 1015 p.
1635 924 1717 995 2.
1749 899 1778 924 ⁸

142 1171 429 1294 Legati
465 1177 721 1293 Regis
756 1071 1500 1288 Lufitaln'fsffidratio
1545 1182 1633 1267 in
1678 1179 1997 1296 synodo
2031 1182 2177 1272 Ba·

293 1307 572 1396 filienfi
605 1307 906 1400 habita.

146 1433 319 1525 lnit.
380 1436 605 1525 Plato
654 1435 1163 1556 gravissimus
1196 1437 1496 1525 stoicae.

462 1568 686 1657 Cod.
731 1567 905 1657 Th.
940 1587 1130 1683 253.
1168 1557 1228 1655 f.
1258 1589 1458 1686 305.

983 1740 1023 1809 1
1205 1779 1228 1801 .
1280 1708 1346 1801 f.

34 1973 43 1984 Ι
134 1859 429 1948 Oratio
495 1854 662 1942 fine
719 1735 1496 1940 nominetgssuEtoris
1517 1910 1544 1953 ‚
1621 1850 1772 1967 qui
1844 1851 2177 1943 videtur

288 1988 457 2078 effe
490 1989 806 2104 legatus
853 1982 1112 2068 Ducis
1139 1980 1773 2071 Mediolanensis
1814 1989 1900 2073 in
1931 1987 2174 2103 syno-
2258 1969 2268 1986 ’

288 2120 409 2207 do
463 2111 856 2205 Basilienfi
918 2110 1191 2199 habita
1236 2116 1321 2198 in
1375 2140 1540 2228 qua
1584 2111 2005 2224 suadetur,
2076 2143 2179 2209 ut

296 2256 583 2343 Patres
618 2248 947 2363 Papiam
992 2251 1549 2363 commigrent
1599 2274 1788 2334 cum
1835 2250 2174 2344 deloco

300 2384 424 2480 ob
460 2379 915 2469 adventum
943 2404 1413 2495 graecorum
1439 2378 1841 2469 mutando
1872 2381 2176 2473 delibe-

38 2737 49 2758 ,
138 2534 719 2764 Ιῐιίῑῗπῦῗιιὲζπ
746 2642 957 2761 saepe
989 2668 1119 2730 res
1159 2665 1413 2759 atque
1442 2641 1745 2734 arduae.

436 2783 659 2873 Cod.
692 2780 865 2870 Th.
907 2800 1093 2897 253.
1124 2771 1182 2864 f.
1240 2798 1430 2893 308.
1471 2808 1558 2895 p.
1591 2807 1672 2874 2.

38 2909 49 2984 ¹
1044 2959 1286 3054 1434·

295 3213 638 3298 nomine
677 3201 1100 3289 scribentis
1127 3207 1269 3317 qui
1306 3205 1377 3286 ei
1415 3207 1670 3289 mittit
1702 3197 2176 3321 exemplum

298 3332 729 3453 cujusdam
767 3326 1176 3444 synodalis
1210 3328 1528 3415 decreti
1578 3327 1743 3419 seff.
1787 3335 2044 3420 xvn.
2078 3358 2178 3422 ut

188 3497 195 3504 ’
268 3483 542 3573 reor,
611 3464 1009 3577 praesente
1076 3458 1585 3574 Imperatore
1642 3463 2173 3582 Sigismundo

304 3592 544 3696 editi,
606 3591 688 3675 81
730 3587 1118 3705 significat
1160 3586 1443 3676 vidisse
1477 3586 1554 3674 se
1585 3591 1886 3681 litteras
1905 3594 2182 3681 Gene-

18 3585 25 3646 Ι

18 3673 23 3760 !
302 3723 488 3812 ralis
529 3719 710 3808 ord.
749 3720 962 3807 Min.
1001 3719 1197 3806 olim
1230 3721 1547 3806 concilii
1573 3719 2002 3813 Basilienfis
2049 3756 2179 3817 ca·-

16 3831 41 4166 ῑ
299 3849 568 3967 pitalis
615 3844 1090 3966 adversarii,
1140 3846 1604 3958 pollicentis
1642 3846 1729 3933 'se
1773 3854 1986 3939 intra
2041 3879 2170 3963 15.

298 3979 474 4069 dies
524 3982 616 4090 in
656 3979 1008 4065 coneilio
1056 3974 1160 4063 ad
1200 3969 1585 4066 futurum
1619 3984 1817 4068 item
1862 3988 2181 4092 concilii

1805 4165 1810 4172 ·
1846 4109 2073 4231 lega·-

40 3053 41 3070 Ν
140 3078 502 3200 Epistola
562 3073 668 3163 ad
715 3073 1323 3161 universitatem
1365 3069 1948 3164 Colonienstm
2009 3080 2178 3169 sine
2325 3065 2336 3090 '
