2617 4617
514 357 668 433 230
1174 340 1714 404 ma-

419 530 612 627 rape
653 527 909 629 injuste
935 527 1370 629 precipienti
1407 526 1921 622 obtemperare
1936 583 1962 622 ‚
2015 539 2287 629 quanto
2314 526 2465 606 for·
2554 605 2555 628 Ν

418 649 565 728 tius
615 635 1266 747 Concilium-quod
1312 661 1471 724 erat
1514 641 1850 742 superior
1915 646 1986 721 ἀ
2048 647 2461 725 citationem

419 764 841 862 inchoavit,
891 787 1039 845 non
1077 764 1392 843 debebat
1418 782 1682 863 parere
1727 760 1849 840 sue
1892 764 2219 862 pretense
2256 762 2471 843 diffo-

420 883 686 963 lutioni
756 882 881 962 seu
917 882 1414 974 translationi,
1482 903 1578 958 ex
1625 904 1770 980 qua
1817 882 2114 982 quidem
2160 884 2468 959 transla-

420 1005 623 1083 tione
670 1006 940 1098 nedum
988 1005 1220 1083 multa
1274 1002 1608 1084 scandala
1667 1003 1919 1085 futura
1977 1003 2469 1104 verisimiliter

420 1122 914 1222 timebantur,
962 1124 1135 1222 quia
1163 1125 1329 1202 inde
1383 1123 1879 1204 evacuabatur
1920 1124 2326 1202 auctoritas
2369 1118 2471 1198 fi-

420 1258 718 1315 ctorum
739 1236 1236 1314 Conciliorum
1270 1236 1343 1313 δι
1369 1236 1633 1315 delicta
1661 1235 1849 1337 Pap'e
1883 1260 2019 1335 per
2043 1238 2242 1314 illam
2272 1237 2468 1312 viam

419 1350 896 1431 dissolutionis
935 1354 1411 1430 remanebant
1438 1354 1798 1452 impunita
1832 1356 1903 1432 ἃ
1944 1354 2041 1431 fic
2069 1350 2306 1451 pofl'et
2340 1352 2469 1425 Ec·

419 1467 634 1546 cleiia
664 1489 801 1565 per
832 1467 1210 1563 peffimum
1240 1467 1601 1547 Pastorem
1639 1469 1835 1569 quast
1871 1471 1966 1547 ad
1998 1469 2315 1546 nihilum
2348 1468 2465 1542 de·
2555 1527 2557 1532 ⁴

423 1586 635 1677 duci,
683 1584 864 1659 nihil
902 1585 1095 1661 enim
1126 1582 1223 1663 fic
1252 1584 1479 1662 officit
1512 1589 1773 1691 gregi5
1824 1611 2039 1687 quam
2082 1590 2285 1687 quod
2342 1607 2467 1684 pa·

421 1699 576 1779 stor
601 1712 1092 1778 commutatur
1120 1699 1200 1776 in
1226 1700 1509 1799 lupum.
1537 1699 1661 1780 sed
1689 1704 1881 1801 quod
1916 1699 2120 1803 pejus
2148 1703 2235 1796 b)
2275 1714 2469 1790 erat,

417 1813 549 1892 illa
578 1809 910 1913 pretensa
951 1809 1312 1890 dissolutio
1360 1811 1483 1891 seu
1526 1815 1901 1893 translatio
1951 1838 2044 1893 ex
2097 1836 2185 1892 eo
2229 1816 2477 1912 capite

403 1929 618 2026 ,facta
636 1983 659 2021 ‚
711 1927 882 2027 quia
908 1926 1313 2006 Concilium
1349 1925 1796 2024 procedebat
1820 1939 2074 2003 contra
2101 1948 2318 2020 eum,
2366 1926 2466 2005 sa·

415 2045 670 2147 piebat
697 2037 1002 2119 herefim
1023 2091 1050 2135 .,
1099 2042 1437 2139 quoniam
1463 2040 1619 2138 ipso
1642 2040 1842 2124 facio
1869 2040 2183 2143 negabat
2209 2041 2465 2122 auclo-

416 2163 713 2242 ritatem
745 2155 1170 2236 universalis
1208 2158 1517 2235 Ecclefie
1557 2158 1776 2256 supra
1820 2158 2177 2238 summum
2222 2155 2463 2238 Ponti·

418 2275 677 2371 ficem,
724 2271 777 2349 ss
830 2271 1020 2350 enim
1074 2271 1319 2348 valeat
1374 2273 1749 2350 translatio
1794 2269 1917 2351 seu
1964 2272 2327 2351 difl'olutio
2370 2295 2459 2351 ex

413 2411 504 2468 co
560 2387 847 2486 capite,
933 2386 1104 2484 quia
1164 2386 1575 2464 Concilium
1634 2384 1993 2485 presumit
2056 2389 2459 2486 procedere
2558 2475 2559 2480 Ν

416 2517 672 2579 contra
709 2498 1018 2595 Papam,
1080 2497 1179 2574 nil
1223 2500 1425 2576 aliud
1477 2500 1712 2598 potest
1767 2499 2026 2578 inferri
2083 2499 2211 2578 nist
2258 2495 2453 2598 quod

366 2707 370 2716 ,
414 2614 827 2694 Concilium
856 2635 1002 2690 non
1029 2614 1252 2692 habet
1287 2609 1804 2696 auctoritatem
1834 2618 2055 2717 supra
2089 2619 2359 2716 Papam
2387 2613 2456 2690 δι

410 2751 685 2831 negare
742 2729 1104 2808 Christum
1168 2731 1240 2808 δι
1287 2731 1801 2814 auctoritatem
1854 2733 2162 2811 Ecclesse
2208 2730 2455 2823 faCto,

410 2845 613 2946 quod
648 2845 962 2930 deterius
994 2847 1139 2943 est,
1189 2871 1405 2945 quam
1438 2870 1710 2950 negare
1761 2847 2056 2950 verbis,
2122 2848 2297 2945 quia
2344 2844 2449 2923 fa·

410 2967 534 3045 &a
560 2962 726 3046 sunt
752 2966 1163 3063 potentiora
1197 2970 1468 3046 verbis.
1521 2968 1639 3067 fa.
1686 2993 1745 3045 c.
1793 2968 2129 3064 existimat
2188 2971 2455 3072 quidm

410 3085 553 3162 XI.
600 3106 662 3185 q.
699 3084 839 3162 ΙΙΙ.
882 3084 956 3161 Β
998 3111 1051 3162 c.
1101 3086 1344 3166 dileffi.
1396 3091 1479 3162 de
1520 3102 1672 3185 app.
1721 3087 1852 3164 ubi
1900 3087 2204 3182 dicitur,
2255 3088 2451 3185 quod

410 3205 577 3304 plus
613 3205 711 3281 est
755 3209 848 3283 ad
876 3205 1134 3294 sedem
1163 3211 1661 3309 Apostolicam
1713 3207 1907 3286 facio
1955 3229 2171 3307 quam
2214 3209 2445 3287 verbo

408 3329 807 3426 appellare.
902 3325 1089 3408 Item
1136 3354 1229 3409 ex
1257 3334 1382 3408 illa
1419 3330 1545 3407 sua
1574 3328 2029 3407 dissolutione
2062 3327 2181 3405 seu
2215 3344 2445 3407 trans·

409 3446 679 3525 latione
729 3448 922 3544 quasi
973 3451 1470 3529 evacuabatur
1534 3448 1928 3527 auctoritas
1972 3444 2100 3526 seu
2149 3445 2441 3528 effectus

408 3555 970 3643 Constitutionis‘
1002 3566 1246 3668 magni
1297 3565 1599 3659 Concilij
1646 3563 2240 3657 constantiensis,
2306 3584 2438 3664 que

404 3682 699 3777 incipit,
737 3684 1111 3787 frequens,
1161 3686 1288 3763 ubi
1327 3683 1764 3784 disponitur:
1832 3683 2289 3781 de=Concilijs
2337 3701 2447 3759 te·-

405 3797 657 3874 nendis
704 3802 793 3878 de
852 3804 1196 3881 decennio
1243 3804 1317 3879 in
1364 3804 1788 3882 decennium
1842 3804 1915 3878 in
1968 3815 2422 3902 perpetuum.

405 3939 570 3995 nam
608 3917 662 3995 fi
703 3919 892 4021 Papa
935 3922 1163 4020 posset
1214 3945 1352 4021 pro
1400 3927 1607 4007 libito
1649 3925 1778 4006 suo
1830 3927 2232 4006 Concilium
2268 3951 2427 4004 con·

497 4127 578 4228 b)
626 4127 735 4203 sed
786 4133 963 4233 quod
1007 4072 1185 4235 prius
1236 4159 1395 4217 erat.
2075 4068 2339 4152 grega-
