2617 4617
585 371 728 456 258
977 337 982 344 ’
1239 323 1778 423 new

488 575 806 640 attamen
862 566 1018 646 tota
1064 543 1378 628 Ecclefia
1436 541 1860 622 universalis
1925 548 2395 644 postmodum
2452 543 2573 627 ibi

489 680 695 760 unita
734 673 948 752 tacite
1001 662 1403 747 multifarie
1463 662 1929 758 approbavit.
1984 666 2228 762 primo
2278 689 2571 765 appro-

488 797 728 878 bando
775 785 1291 887 depositionem
1346 778 1743 877 johannis,
1810 782 1935 879 qui
1988 782 2129 859 fuit
2180 784 2571 881 depositus

493 917 588 996 ob
623 913 852 990 multa
893 903 1156 984 delicia
1189 898 1482 974 notoria
1523 896 2071 978 scandalizantia
2111 902 2573 997 Ecclesiam3

491 1053 639 1114 non
684 1043 928 1104 autem
981 1012 1321 1120 potuisset
1379 1015 1643 1113 deponi
1704 1037 1840 1114 per
1888 1015 2355 1112 Concilium,
2432 1016 2573 1094 nifi

493 1153 726 1256 §psum
747 1146 1150 1228 Concilium
1176 1135 1532 1220 habuiffct
1565 1137 1634 1215 in
1669 1162 1835 1215 eum
1854 1141 2281 1236 potestatem
2301 1194 2331 1231 ‚
2386 1140 2571 1237 quia

495 1271 803 1353 inferior
857 1286 1002 1342 non
1036 1260 1258 1338 habet
1303 1254 1878 1354 jurisdictionem
1924 1257 1996 1332 in
2044 1254 2573 1354 superiorem..

495 1417 632 1474 nec
660 1412 793 1485 par
825 1387 898 1462 in
929 1404 1178 1482 parem
1224 1395 1307 1455 ut
1351 1377 1425 1452 in
1462 1400 1518 1452 c.
1552 1374 1864 1478 inferior.
1911 1400 1967 1451 c.
2004 1375 2290 1477 denique
2333 1376 2565 1451 XXI.

500 1508 599 1584 di.
632 1503 702 1579 e?
734 1501 809 1575 in
840 1525 896 1573 c.
932 1492 1258 1571 tnnomit.
1297 1493 1378 1565 de
1412 1491 1555 1566 elec.
1590 1489 1661 1565 &²
1689 1490 1765 1566 in
1796 1491 1881 1565 L.
1912 1487 2019 1564 ille
2061 1514 2107 1565 a
2142 1508 2274 1590 quo
2303 1492 2570 1584 §.tem-

498 1620 838 1726 pestivum
858 1609 950 1710 ff.
983 1612 1080 1687 ad
1118 1606 1386 1685 Trebell.
1418 1606 1485 1682 δι
1527 1605 1576 1681 fi
1610 1607 2007 1684 diceremus
2050 1606 2562 1692 contrarium,

500 1741 928 1838 sequeretur
951 1780 979 1825 ·,
1029 1726 1224 1826 quod
1260 1724 1449 1821 Papa
1481 1723 1841 1800 Martinus
1879 1745 2026 1799 non
2055 1722 2197 1798 fuit
2223 1720 2571 1822 legitime

502 1853 820 1943 electus,
895 1844 1238 1945 quianon
1284 1843 1594 1918 vacabat
1632 1837 1944 1936 Ecclefia
1989 1861 2080 1916 ex
2131 1835 2444 1914 defectu
2496 1841 2571 1935 q)

504 1967 1029 2058 Pontificatusz,
1108 1958 1178 2033 ἀ
1251 1958 1445 2034 idem
1523 1958 1940 2032 deceremus
2002 1955 2239 2052 quoad
2321 1951 2571 2051 ipsum

506 2086 869 2189 quondam
903 2077 1333 2171 Eugenium,
1381 2073 1507 2173 qui
1556 2074 1773 2150 etiam
1801 2094 1894 2149 ex
1918 2074 2042 2148 illa
2075 2071 2368 2173 origine
2404 2071 2573 2149 sor·

505 2206 680 2284 titus
741 2198 840 2280 est
896 2191 1435 2290 Apostolatum.
1510 2189 1715 2268 ‘Item
1772 2187 1825 2265 fi
1893 2189 2297 2265 diceremus
2373 2188 2565 2262 illud

508 2316 916 2396 Concilium
947 2303 1211 2386 errass‘e
1254 2305 1328 2381 in
1370 2305 1717 2402 potestate
1764 2302 2189 2381 universalis
2234 2303 2561 2380 Ecclefie

507 2427 940 2510 declarando
981 2423 1053 2499 in
1090 2418 1572 2517 preiudicium
1604 2419 2030 2517 prelationis
2066 2416 2386 2495 Ecclefie
2406 2419 2560 2494 Ro-

505 2566 718 2621 mane
754 2562 998 2617 omnes
1043 2536 1149 2614 illi
1182 2536 1419 2614 Patres
1465 2536 1533 2610 61
1577 2557 1699 2611 eos
1731 2533 2103 2634 sequentes
2145 2533 2557 2611 incidissent

504 2656 583 2736 in
612 2653 945 2734 heressm.
993 2668 1077 2730 ut
1126 2651 1202 2725 in
1241 2675 1294 2724 c.
1352 2676 1410 2725 ι.
1446 2651 1699 2728 XXII.
1745 2653 1843 2728 di.
1891 2651 1960 2727 δι
1990 2652 2084 2730 {ic
2112 2652 2558 2747 dampnare·

504 2791 666 2847 mus
712 2783 938 2843 totam
1005 2762 1486 2840 obedientiam
1553 2765 1945 2858 johannis,
2021 2786 2162 2861 que
2228 2767 2555 2840 maxima

506 2899 707 2975 erat,
755 2902 921 2960 nam
977 2878 1045 2954 ei
1088 2875 1477 2952 obediebat
1524 2894 1677 2955 tota
1727 2881 2156 2971 Germania,
2220 2880 2444 2956 Italia
2492 2876 2551 2951 ἃ

508 3002 737 3080 multe
769 2999 905 3076 alie
951 2997 1297 3076 nationes.
1406 2999 1583 3073 Item
1629 2997 1682 3075 fi
1724 2995 2070 3076 incidiffet
2102 2998 2178 3075 in
2224 2996 2550 3086 heresin,

509 3121 876 3221 quomodo
906 3118 1046 3193 alie
1079 3119 1487 3194 obedientie
1544 3117 1856 3212 Gregorij
1907 3117 2171 3195 {cilicet
2221 3116 2291 3190 ἀ
2338 3117 2547 3193 Bene·

513 3235 677 3312 disti
712 3230 1096 3308 univiffent
1118 3229 1269 3307 se&
1293 3229 1862 3327 incorporaflent
1890 3234 1992 3307 illi
2012 3232 2343 3312 Concilio
2381 3253 2545 3307 con·

508 3364 623 3425 tra
660 3372 711 3421 c.
750 3366 897 3420 curm
928 3343 1191 3445 quibus.
1235 3346 1567 3421 XXIIII.
1614 3370 1676 3446 q.
1709 3346 1812 3443 iij.
1924 3348 2101 3423 Item
2142 3350 2266 3423 illa
2295 3347 2571 3424 consti-¹

505 3460 693 3535 tutio
729 3478 885 3534 erat
938 3460 1203 3535 ibidem
1253 3462 1413 3555 plus
1475 3483 1689 3557 quam
1739 3465 2026 3539 notoria
2075 3462 2541 3561 &nunquam

503 3578 660 3674 post
695 3575 1032 3650 unionem
1062 3573 1325 3653 faciam
1350 3596 1609 3655 contra
1635 3581 1827 3655 illam
1861 3584 2331 3660 reclamatum
2364 3567 2569 3680 suits

505 3691 653 3766 imo
705 3688 843 3764 fuit
881 3711 1015 3785 per
1065 3707 1289 3767 totam
1341 3695 1718 3771 Ecclesiam
1753 3715 2047 3792 recepta
2097 3700 2319 3775 tacito
2377 3724 2567 3779 con·x

502 3799 750 3899 sensu,
801 3803 970 3902 quia
1008 3804 1128 3901 id,
1174 3811 1254 3899 r)
1290 3810 1408 3884 cui
1435 3809 1579 3886 non
1612 3810 2001 3908 resistitur,
2047 3813 2565 3940 approbatur*

596 4021 676 4118 q)
729 3967 986 4089 ‹left-<ihi
1036 4014 1387 4114 potestatis.
2366 3947 2449 4010 ut
2558 3985 2563 4126 Ι

597 4133 675 4222 r)
718 4128 783 4199 id
830 4135 933 4199 cui
982 4154 1123 4200 non
1167 4130 1496 4209 refistitur.
