2617 4617
880 335 1413 479 Q

990 543 1229 637 1432.

888 648 1248 768 Januarij
1321 669 1399 757 5.
2173 730 2184 738 ,

105 781 505 896 Narratio
563 806 900 883 eorum
953 807 1139 896 quae
1178 782 1512 865 nuntius
1543 707 1751 867 vidit
1797 776 1881 864 81
1917 772 2150 888 audi·

266 916 398 1000 vit
427 910 706 1026 Pragae
746 933 959 995 eum
969 907 1395 995 Basilienfis
1442 909 1763 996 concilii
1792 906 2148 995 Litteras

264 1038 464 1125 illue
511 1033 878 1150 pertulit.

104 1159 296 1256 Init.
359 1162 751 1266 Praeterea
805 1164 998 1276 quia
1026 1185 1292 1275 nuper
1324 1157 1427 1245 ad
1471 1160 1893 1280 placitum.

456 1287 675 1379 Cod.
719 1285 925 1378 Can.
971 1295 1105 1385 62.
1140 1279 1201 1374 f.
1243 1292 1381 1404 76.

928 1485 1315 1703 Jddggri'j.

98 1707 489 1823 Qatuor
523 1699 1130 1827 propositiones
1163 1712 1444 1799 faetae
1421 1740 1506 1805 m
1555 1711 1888 1828 publica
1927 1732 2128 1795 con-

266 1839 755 1950 gregatione
809 1831 1009 1923 sacri
1082 1838 1433 1924 Concilii
1489 1835 1914 1924 Bafilienfis
1973 1855 2131 1947 pet

263 1964 532 2079 ipsum
565 1965 966 2053 Generale
1015 1968 1455 2054 concilium
1512 1970 1998 2054 unanimiter
2040 1959 2129 2054 &
2247 1989 2274 1996 ‘

10 2133 11 2140 Ν
100 2141 129 2162 ·
263 2095 839 2214 concorditer,
897 2097 1290 2214 praesente
1325 2097 1458 2183 illo
1489 2098 1910 2211 Episcopo
1958 2092 2129 2175 Ve-

256 2232 704 2443 zeggcssciliui
748 2252 1225 2346 portaverat
1269 2228 1529 2317 Bullas
1581 2224 2125 2316 diffolutionis

96 2481 276 2573 lnit.
339 2486 618 2576 Primo
655 2481 816 2575 fuit
846 2484 1113 2604 quod
1108 2512 1417 2603 urgens
1445 2467 1881 2608 neceffitas.

420 2610 638 2700 Cod.
675 2615 879 2702 Can.
907 2624 1042 2711 62.
1078 2608 1141 2701 f.
1194 2641 1325 2733 19.

414 2734 581 2824 vid
613 2735 824 2826 Lab.
851 2736 1452 2828 T.xvl1.c01.
1488 2744 1770 2853 446.

805 2994 811 3003 .
996 2937 1234 3040 1432·

915 3029 1302 3158 ]2Π112Γί5.

87 3161 464 3252 Umvers'
469 3172 649 3255 tatis
710 3165 947 3257 Pans'
952 3173 1110 3258 ens
1115 3201 1151 3259 s
1211 3175 1465 3262 literae
1530 3164 1641 3256 a'd
1698 3164 2110 3279 synodum

240 3296 779 3403 Bafiliensem‚
834 3303 920 3386 in
986 3302 1291 3426 quibus
1352 3303 1624 3392 Patres
1681 3300 2109 3400 hortatur,

240 3442 341 3504 ut
388 3423 473 3507 in
526 3424 921 3537 incoepto
997 3452 1525 3540 permaneant
1568 3422 1654 3510 &
1710 3424 1979 3538 Papae,
2052 3419 2112 3507 fi

243 3543 683 3627 concilium
731 3544 1167 3635 dissolvere
1194 3549 1430 3654 velit,
1463 3546 1863 3636 resistant.

78 3664 241 3756 Init
326 3669 470 3758 Ad
499 3675 952 3771 vestrarum
986 3677 1645 3770 dominationum
1680 3678 1972 3767 harum
1998 3679 2117 3770 se·

233 3797 361 3881 rie
392 3789 953 3907 perducimus.

402 3920 618 4012 Cod.
654 3928 859 4019 Can.
893 3937 1025 4030 62.
1081 3931 1142 4019 f.
1179 3958 1314 4027 2ο.
1353 3963 1442 4058 p·
1475 3961 1555 4034 2·

491 4077 499 4084 ⁸
646 4099 651 4104 ⁵
1063 4148 1110 4208 2
1166 4143 1217 4239 3
1537 4101 1551 4114 ³
1760 4154 1801 4223 1
1840 4083 2004 4246 ,.32’.
