2617 4617
1155 261 1713 353 ma·
2062 343 2067 348 .
2222 287 2324 347 12¹

355 449 562 533 cilio
585 442 738 550 ‘per
765 450 926 533 suas
968 452 1249 559 litteras
1281 453 1802 552 multiplicatas
1838 448 2227 556 str‘ipserat
2255 460 2324 539 se

353 567 706 706 fiturum,
729 569 798 646 δι
831 571 1266 707 dignaretur
1308 569 1790 670 personaliter
1819 575 1913 669 ad
1957 576 2207 654 locum
2247 599 2324 655 oe

350 688 652 767 menici
685 686 1016 803 Concilij
1043 691 1306 766 venire
1341 712 1935 792 concurrereque
1971 695 2049 775 in
2093 719 2323 775 execu

347 832 464 889 ne
499 803 1222 911 indulgentiarum&
1245 810 1717 931 impetitione
1732 813 2036 897 Decime
2052 814 2324 916 super(

349 948 552 1005 rum
574 978 599 1017 ,
654 946 796 1022 que
838 929 987 1025 jam
1017 920 1320 1004 fuerant
1351 916 1687 1003 ordinata
1715 949 1855 1026 per
1898 929 2324 1011 Concilium

349 1038 883 1143 filpportanda
935 1034 1164 1119 onera
1196 1040 1731 1141 expensarum,
1796 1046 2165 1147 Quodque
2201 1049 2324 1153 dig

354 1182 595 1244 retur.
624 1184 890 1243 vocare
923 1162 1243 1241 Prelatos
1277 1162 1352 1238 ἀ
1404 1163 1771 1244 Doctores
1820 1184 2320 1249 conventuros

354 1281 621 1380 ipsum
637 1281 978 1369 e)locum
1013 1277 1086 1353 in
1116 1274 1394 1354 accessu
1411 1279 1851 1375 eremorum,
1891 1283 1992 1383 f)
2038 1285 2225 1375 Item
2261 1310 2324 1385 qi

357 1397 599 1471 daret
633 1392 912 1467 litteras
946 1385 1128 1467 salvi
1166 1388 1591 1471 conductus
1631 1393 1726 1469 ad
1767 1393 2146 1475 transitum
2180 1400 2324 1476 G⁴re

359 1527 550 1586 rum
590 1526 729 1601 per
773 1519 1007 1581 terras
1049 1502 1359 1581 Ecclefie
1403 1512 2033 1605 quemadmodum
2096 1538 2319 1593 conce

359 1638 553 1703 rant
582 1623 657 1699 in
692 1621 934 1700 forma
974 1622 1069 1698 ab
1121 1621 1222 1698 eis
1269 1645 1408 1721 per
1441 1624 1859 1709 Concilium
1901 1632 2252 1741 requisita
2285 1630 2324 1711 ]

364 1748 733 1831 perator,
786 1754 1179 1835 omnesque
1211 1735 1479 1837 Reges
1473 1790 1499 1837 ,
1552 1739 1920 1842 P1incipes
1947 1747 2022 1825 ἀ
2048 1770 2324 1828 commt

363 1861 568 1923 tates
615 1867 662 1921 a
708 1847 972 1944 quibus
1028 1848 1345 1946 petitum
1373 1860 1453 1947 g)
1511 1869 1693 1936 erat.
1796 1859 2104 1949 Nullam
2139 1864 2218 1963 b>
2264 1866 2324 1963 11

365 1987 558 2043 rum
604 1965 1044 2060 petitionum
1098 1965 1361 2045 Dictus
1412 1969 1590 2049 olim
1640 1976 1998 2068 Eugenius
2052 1985 2324 2060 coneed

370 2081 673 2177 voluit,
739 2081 860 2158 sed
903 2064 1088 2160 dixit
1139 2081 1211 2160 se
1245 2078 1705 2185 respondere
1751 2097 1947 2181 velle
1994 2119 2132 2196 per
2173 2100 2321 2187 Joh

363 2217 530 2272 nem
580 2211 755 2272 tune
805 2195 1472 2316 A1chiepiseopum
1527 2198 2016 2296 Tarentinum
2082 2213 2237 2311 ejus
2285 2237 2324 2289 o

369 2328 622 2389 torem
655 2313 747 2386 ad
786 2313 1196 2388 Concilium
1217 2306 1672 2405 venturum.
1793 2320 2095 2401 Interim
2141 2325 2217 2412 k>
2266 2349 2324 2396 ν

368 2454 519 2535 per
546 2428 922 2509 Abbatem
953 2433 1332 2511 Bonevallis
1362 2436 1430 2512 δι
1456 2440 1941 2536 Raymundum
1966 2444 2230 2523 Talonis
2257 2448 2323 2524 O

367 2573 580 2669 ‚tores
618 2550 921 2647 Concilij
960 2553 1307 2631 habentes
1363 2559 1456 2634 ab
1494 2559 1646 2657 ipso
1683 2558 2009 2642 Concilio
2054 2564 2275 2683 super

297 2686 300 2693 '
370 2681 672 2781 plenam
702 2672 1167 2765 facultatem,
1218 2686 1743 2803 concordatum
1781 2689 1881 2764 est
1925 2711 2091 2766 cum
2134 2689 2324 2766 Civil

372 2785 1090 2882 Avinionenfibtw,
1083 2790 1238 2885 qui
1286 2786 1438 2891 jam
1496 2798 1950 2877 tradiderant
2018 2798 2145 2903 sex
2212 2805 2324 2877 mi

375 2901 840 2981 Ducatorum
881 2900 1277 2995 Capitaneo
1297 2906 1737 3004 Galearum,
1787 2913 1985 3009 quod
2017 2915 2321 3011 priusqu

379 3013 860 3095 exbursarent
902 3016 1254 3095 residuam
1302 3025 1361 3116 l)
1427 3029 1734 3123 pecunie
1782 3027 2136 3124 summam
2187 3033 2324 3107 vids

379 3151 501 3218 cet
549 3156 780 3232 usque
811 3133 901 3208 ad
935 3132 1143 3217 LXX
1174 3138 1411 3217 millia
1462 3142 1966 3242 Ducatorum,
2034 3151 2324 3229 Concili·

2046 3262 2324 3344 ¹solem

476 3365 548 3447 e)
598 3356 680 3431 ad
732 3304 983 3429 dicium
1033 3360 1283 3440 locum.

465 3475 566 3574 f)
616 3473 846 3546 omiss'a
897 3471 1037 3545 sunt
1080 3472 1316 3553 verba't
1367 3440 1547 3553 Item
1573 3482 1755 3583 quod
1786 3480 1970 3562 daret
2000 3492 2259 3568 litteras
2287 3493 2324 3570 Γ

575 3628 578 3631 .
627 3571 991 3643 conductus
1027 3572 1110 3661 ad
1150 3573 1512 3653 traufitum.

473 3691 564 3787 g)
612 3693 850 3784 petitus
901 3709 1078 3764 erat.

476 3806 554 3902 h)
602 3806 847 3877 Bullam
887 3804 1167 3902 ipsarum
1213 3811 1629 3904 petitionum
1658 3811 1867 3894 dietus
1914 3822 2081 3903 olim
2109 3794 2324 3931 Euger

620 3902 982 3974 concedere
1017 3912 1253 3983 noluit.

480 4000 552 4093 k)
605 3996 766 4072 Item
817 4027 997 4068 vero,

475 4099 554 4195 Ι)
598 4098 925 4172 refiduum
975 4107 1296 4197 pecuniata⁴
