2617 4617
1268 0 1609 24 *ww

329 168 568 229 nems-
617 143 954 234 Filialem
1004 135 1476 226 devotionem
1552 140 1626 222 Q
1681 159 1991 248 mag-nos
2055 144 2387 228 caritatis

327 263 661 362 effeetus,
714 287 895 368 quos
937 264 1034 344 ad
1072 258 1393 337 sannam
1416 259 1564 337 Dei
1602 259 1991 340 Ecclefiam
2022 258 2094 338 Q
2121 265 2381 340 aucto-

329 382 615 456 ritatem
658 377 1036 457 sacrorum
1080 371 1583 451 Conciliorum
1604 371 2078 450 Generalium
2110 390 2387 486 gerunt

326 492 542 572 animi
570 495 841 593 nostri,
912 489 1062 592 jam
1116 503 1632 602 cognoverunt
1682 487 2002 587 plurime
2051 490 2387 592 regionis

328 611 518 690 orbis
555 617 653 693 ad
687 636 867 715 quas
895 632 1048 690 non
1091 589 1340 687 solum
1374 606 1574 688 fama
1601 609 1840 688 vestre
1870 597 2215 714 sapientie
2252 607 2387 742 sed

328 722 670 805 trastatus
702 749 840 825 per
876 747 1009 820 nos
1048 721 1228 800 editi
1255 738 1760 820 pervenerunt
1787 726 2120 844 preclare
2170 689 2387 823 disse-j

269 835 274 940 J
329 849 566 916 rentes
600 838 692 915 de
724 832 878 952 ipsa
909 832 1414 914 Conciliorum
1458 831 1929 911 auctoritate
1932 835 2021 916 Q
2063 836 2387 919 veritate

267 965 270 996 ³
328 975 409 1034 ac
441 955 738 1056 justitia
753 980 973 1084 quam
1018 957 1241 1033 habet
1275 950 1525 1048 sanSta
1563 951 1874 1055 synodus
1905 1007 1932 1056 ‚
1998 935 2382 1068 prosequi-

327 1087 446 1155 tur
472 1081 759 1177 pariter
787 1075 955 1158 cum
996 1073 1302 1158 sanEtiff
1280 1099 1429 1155 mo
1470 1077 1792 1168 Domino
1824 1075 2041 1196 felic-‘e
2075 1076 2382 1178 PapaV.

326 1216 455 1294 per
508 1200 819 1277 eandem
864 1196 1223 1298 synodum
1285 1197 1382 1274 ad
1428 1193 1797 1296 summum
1854 1197 2378 1297 Apostolatum

324 1308 716 1412 assumpto
733 1314 1009 1420 gratias
1061 1337 1239 1412 quas
1295 1311 1632 1390 altissimo
1683 1313 1903 1395 debet
1942 1337 2169 1420 agere
2213 1319 2384 1396 uni-

327 1423 531 1502 versa
549 1423 1192 1522 Chr1st1Ecclesa,
1240 1427 1416 1503 dum
1443 1419 2115 1532 persecutionibus
2091 1452 2146 1520 ιι
2142 1449 2387 1516 ruen-

326 1538 509 1618 tibus
541 1562 630 1617 ac
673 1537 1101 1620 fluminibus
1137 1543 1681 1620 mundanarum
1710 1527 2288 1620 adversitatum
2264 1567 2382 1621 m·-

327 1660 762 1738 undantibus
790 1675 874 1737 ut
901 1662 1227 1739 Domum
1245 1662 1391 1742 Dei
1424 1662 1841 1740 ‘concutiant
1872 1663 1988 1740 vel
2012 1678 2385 1764 evertant,

309 1771 702 1879 ‘insurgunt
732 1798 826 1852 ex
860 1773 1165 1853 adverso
1198 1778 1273 1852 in
1308 1775 1793 1854 defensionem
1822 1777 1893 1852 Q
1926 1771 2378 1854 sustentatio-

321 1913 482 1973 nem
523 1895 678 1995 ejus
708 1896 928 1995 probi
956 1897 1309 1972 zelatores
1346 1894 1677 1988 veritatis
1709 1894 1781 1970 Q
1813 1894 2104 1972 studiosi
2136 1894 2378 1971 vestre

317 2009 661 2116 sapientie
695 2036 1144 2122 opponentes
1176 2016 1251 2096 se
1288 2038 1586 2096 murum
1617 2040 1756 2116 pro
1790 2015 2036 2098 Domo
2059 2015 2378 2098 feliciter

317 2138 389 2216 Q
419 2140 597 2222 dum
630 2143 852 2244 varijs
884 2144 1166 2221 artibus
1198 2165 1286 2220 ac
1316 2139 1853 2222 seductionibus
1883 2140 2159 2246 animas
2206 2140 2372 2242 fere

319 2264 734 2346 innumeras
772 2266 1011 2366 decipi
1053 2265 1125 2343 Q
1160 2264 1548 2365 illaqueari
1588 2251 2078 2360 conspiciunt,
2132 2253 2377 2376 effun-

313 2384 487 2462 dant
514 2390 793 2466 talenta
829 2385 1295 2466 scientiarum
1326 2381 1460 2461 sibi
1491 2384 1937 2488 creditarum
1970 2403 2015 2458 a
2046 2380 2375 2458 Domino

314 2502 688 2578 utmultas
719 2523 971 2577 earum
1000 2498 1437 2576 lucrifacere
1481 2493 1746 2595 poffint
1793 2493 1865 2569 Q
1910 2494 2002 2569 de
2046 2492 2371 2570 tenebris

315 2631 784 2713 peccatorum
832 2612 1060 2711 atq‘ue,
1104 2634 1447 2691 errorum
1493 2612 1570 2688 in
1599 2613 1841 2690 lucem
1884 2612 2200 2690 educere
2246 2633 2374 2687 ve-

315 2733 546 2812 ritatis
580 2736 653 2812 Q
683 2733 955 2814 salutis.
1060 2732 1179 2812 Sic
1206 2734 1448 2811 vestra
1476 2730 1768 2836 insignis
1794 2729 2223 2808 universitas
2256 2728 2370 2802 vi-

313 2846 510 2922 dens
501 2849 919 2951 languores
955 2845 1027 2923 Q
1058 2846 1352 2925 ecclesie
1384 2870 1472 2924 ac
1504 2845 1877 2947 religionis
1917 2843 2368 2938 Christiane,

316 2965 487 3043 dum
518 2991 667 3045 non
699 2965 935 3044 solum
962 2968 1056 3044 ad
1085 2965 1567 3067 abieffionem
1605 2966 1677 3042 Q
1706 2980 2207 3090 contemptum
2255 2987 2364 3043 re-

315 3072 834 3158 formationis
812 3103 961 3178 Jani
995 3083 1244 3159 multis
1276 3080 1548 3181 quesite
1580 3065 1965 3158 laboribus
1985 3079 2109 3155 sed
2147 3077 2362 3160 etiam

317 3191 411 3266 ad
473 3194 1032 3271 enervationem
1094 3194 1166 3270 Q
1240 3196 1862 3274 conculcationem
1910 3189 2358 3274 auctoritatis

315 3312 643 3390 omnium
661 3312 1161 3390 Conciliorum
1176 3313 1643 3391 Generalium
1682 3311 2159 3403 tendebatur,
2209 3311 2355 3392 tan

315 3438 391 3502 to
432 3428 628 3504 malo
661 3423 991 3507 virtuose
1023 3429 1360 3507 obsistere
1414 3428 1655 3505 voluit
1693 3425 2090 3510 informans
2137 3450 2350 3542 quan·

312 3552 474 3619 turn
529 3541 605 3618 in
647 3537 719 3620 se
768 3540 955 3638 fuit,
1030 3564 1320 3620 omnem
1382 3539 1890 3619 conscientiam
1942 3545 2348 3623 hominum

311 3662 492 3760 quid
532 3683 675 3763 pro
715 3657 945 3741 salute
992 3662 1404 3745 animarum
1450 3658 1748 3744 fixarum
1779 3655 2002 3771 agere
2047 3666 2344 3764 qualem·

1276 3784 1345 3863 G
1397 3804 1434 3881 ς
1954 3807 2267 3890 cunique

617 3985 622 3994 ο

1538 4035 1551 4052 ἰ

1383 4127 1401 4143 0

637 4165 644 4176 ι

271 4211 278 4224 0
