2617 4617
518 329 661 400 262
1167 324 1709 385 Um

615 511 709 586 Et
747 526 832 590 ut
861 511 1158 590 tolleret
1218 509 1546 589 Christus
1596 510 2038 588 dubietatem
2058 565 2084 602 ,
2132 533 2230 587 ne
2297 505 2491 596 fotte

423 629 913 727 appellatione
980 624 1289 704 Ecclefie
1345 626 1635 705 veniret
1683 624 1873 706 solus
1921 629 2159 725 Papa,
2225 628 2485 705 imme·
2572 665 2573 698 r

430 745 627 820 diate
670 746 826 841 post
858 744 983 821 illa
1013 737 1246 818 verba
1279 737 1696 842 subjunxit:
1744 742 1993 820 Amen
2030 743 2197 819 dico
2233 741 2490 836 vobis,

429 877 859 962 quecunque
932 854 1408 956 alligaveritis
1478 853 1697 951 super
1788 872 2105 947 terram,
2196 857 2492 957 alligata

431 988 652 1051 erunt
684 972 750 1046 ἀ
791 973 866 1050 in
916 973 1113 1065 celo,
1166 969 1234 1043 δι
1270 968 1364 1046 fic
1396 987 1651 1066 aperte
1692 973 1998 1049 ostendit
2024 1024 2051 1066 ,
2102 975 2321 1070 quod
2375 990 2492 1048 no·

429 1091 630 1172 mine
679 1090 981 1168 Ecclefie
1033 1089 1484 1190 intelligebat
1545 1091 1636 1167 de
1708 1093 2041 1169 omnibus
2105 1090 2491 1190 apostolis,

436 1208 562 1307 qui
591 1202 1186 1304 representabant
1217 1205 1812 1285 tuncEcclefiam.
1865 1209 2047 1285 Cum
2078 1228 2261 1308 ergo
2284 1201 2499 1282 Chri·
2576 1219 2577 1242 ¹

436 1323 583 1402 stus
628 1328 990 1401 neminem
1025 1324 1315 1418 excepit
1355 1346 1399 1397 a
1443 1322 1711 1421 judicio
1761 1324 2113 1420 Ecclefie.,
2167 1346 2367 1401 vana
2406 1322 2501 1398 est

440 1437 716 1546 gloffa‚
767 1464 907 1540 que
939 1441 1438 1535 exceptionem
1483 1445 1644 1519 vult
1685 1442 1930 1522 facere
1977 1449 2066 1521 de
2117 1445 2319 1541 Papa
2358 1443 2499 1520 fine

413 1556 774 1656 expressa
821 1556 1256 1634 auctoritate
1291 1558 1580 1652 chtisti.
1620 1583 1785 1640 nam
1835 1563 1960 1660 qui
1996 1578 2232 1639 totum
2289 1564 2512 1654 dicit,

445 1674 633 1756 nihil
664 1675 985 1752 excludit
1048 1674 1119 1748 ἃ
1168 1674 1348 1752 ficut
1387 1665 1766 1757 indiffinite
1815 1682 2097 1758 locutus
2152 1681 2253 1755 est
2288 1679 2507 1756 chri-

446 1792 641 1885 stus.,
686 1789 786 1864 ita
834 1786 1216 1870 indiffinite
1269 1789 1680 1896 intelligere
1733 1795 2076 1873 debemus
2127 1795 2351 1873 XIX.
2402 1791 2508 1866 ai.

407 1901 504 2012 fi
567 1906 1040 1982 Romanorum.
1113 1894 1205 1981 ξδ’
1233 1906 1308 1984 in
1389 1933 1444 1984 c.
1516 1908 1734 2008 solite.
1786 1914 1868 1985 de
1919 1913 2155 2007 major.
2230 1908 2307 1984 δ’·
2370 1907 2514 1987 obe.

449 2024 524 2102 δι
590 2024 840 2100 meant
917 2022 1139 2099 hodie
1235 2021 1424 2101 vane
1508 2026 1731 2129 gloffe
1792 2029 1896 2104 ,in
2001 2026 2518 2116 contrarium,

450 2169 617 2228 cum
665 2144 804 2221 hec
831 2140 1089 2238 -opinio
1131 2135 1255 2216 seu
1292 2142 1416 2219 ille
1450 2145 1860 2222 intelle&us
1892 2145 2244 2246 generalis
2288 2145 2384 2220 ad
2424 2144 2516 2219 il-

409 2266 600 2343 ''lam
646 2258 1153 2337 anaoritatem
1186 2256 1414 2334 fuerit
1449 2261 1898 2360 approbatus
1947 2262 2025 2337 in
2067 2281 2337 2358 magna
2390 2255 2517 2359 sy-

453 2385 650 2465 nodo
703 2375 1268 2470 constantiensi,
1320 2379 1447 2456 ubi
1509 2395 1668 2456 erat
1715 2395 1914 2458 tanta
1974 2381 2522 2481 Magistrorum

454 2498 529 2578 δι
559 2495 967 2574 Doctorum
997 2491 1176 2590 juris
1213 2489 1468 2570 Divini
1498 2492 1569 2569 ἃ
1596 2479 1892 2572 humani
1929 2495 2178 2591 copia,
2229 2511 2314 2569 ut
2352 2509 2523 2570 tan·

453 2619 955 2702 taauctoritas
987 2611 1324 2690 virorum
1369 2633 1518 2691 tam
1567 2614 2076 2713 preclarorum
2138 2614 2211 2691 in
2277 2636 2524 2694 unum

457 2752 1077 2841 congregatorum
1130 2729 1434 2810 deberet
1489 2732 1816 2811 sufficere
1879 2731 2151 2810 etiamsi
2192 2733 2377 2809 illud
2429 2741 2530 2827 z)

438 2869 608 2938 ‘non
638 2848 878 2931 fuisset
915 2847 1329 2925 universale¹
1361 2849 1772 2926 concilium.
1879 2849 2059 2926 Item
2087 2850 2172 2940 a)
2206 2865 2524 2926 concur·

458 2975 564 3057 rit
592 2965 985 3048 aucloritas
1014 2965 1316 3063 Concilij
1355 2965 1743 3042 Bafiliensis
1766 3018 1790 3061 .,
1830 2966 1912 3043 ·in
1952 2989 2091 3065 qua
2126 2988 2379 3042 omnes
2407 2965 2528 3043 fe·

460 3114 547 3173 re
584 3087 728 3165 viri
762 3085 1153 3162 eminentes
1196 3085 1283 3160 de
1318 3085 1831 3162 christianitate
1878 3109 2015 3184 per
2050 3083 2120 3160 se
2172 3084 2293 3159 vel
2340 3107 2526 3183 pro·

463 3219 834 3288 curatores
868 3201 1167 3279 fuerunt
1200 3202 1691 3301 incorporati,
1726 3203 1917 3296 unde
1950 3204 2190 3302 dicere
2225 3218 2525 3279 contra·

463 3321 659 3407 rium
692 3319 794 3396 nil
830 3318 1029 3395 aliud
1059 3316 1199 3410 est,
1252 3340 1466 3415 quam
1509 3289 1816 3396 asserere
1860 3342 2103 3395 ornnes
2136 3313 2350 3395 fuiffe
2390 3318 2522 3393 he·

331 3431 344 3442 ’
465 3439 731 3520 reticos
785 3435 852 3511 δι
902 3425 1335 3536 (ἶοῐιοίΙίηηιΧ
1372 3433 1556 3511 illud
1604 3429 1865 3511 erraffe
1932 3435 2007 3511 in
2064 3432 2248 3526 fide,
2324 3433 2527 3531 quod

464 3570 613 3633 non
652 3543 1299 3666 estfadmittendum
1337 3562 1644 3644 propter
1702 3545 2075 3686 ouiniones
2123 3543 2525 3647 Magistro·

331 3677 336 3681 ·
466 3675 682 3751 rum,
734 3660 856 3759 qui
887 3661 1092 3736 varie
1129 3660 1355 3735 locuti
1387 3658 1709 3738 fuerunt.
2298 3655 2305 3664 ’
2352 3651 2367 3662 ’

659 3798 986 3878 Secundo
1047 3798 1188 3875 hoc
1248 3798 1439 3874 idem
1489 3798 1850 3895 probatur
1904 3795 2031 3873 illa
2081 3795 2517 3876 auetoritate
2572 3779 2586 3816 ⁴

466 3922 855 4005 Dominica
902 3921 992 4000 ad
1030 3942 1276 3996 omues
1324 3918 1715 4018 Apostolos
1772 3918 2097 4020 prolata:
2174 3919 2511 4110 vesselstis

2350 4055 2393 4109 a

561 4133 639 4226 z)
689 4131 903 4208 omiffi
956 4161 1108 4206 non.

561 4251 643 4338 α)
690 4244 883 4324 locoz
930 4251 1121 4328 Item.
1174 4258 1281 4322 ita
1334 4256 1631 4325 occurrit
1677 4254 1821 4327 &ce
