2617 4617
592 339 732 423 225
1238 320 1782 398 ma

470 549 651 615 ,nem
706 525 905 603 illam
954 540 1368 625 competere
1412 534 1484 610 e)
1550 526 1881 606 Ecclesre.
1935 529 2076 608 Ar.
2126 530 2268 610 IX.
2344 556 2416 639 q.
2469 530 2528 634 il.
2579 570 2580 573 Ν

460 648 837 748 Lugdun:
904 668 1050 725 non
1106 645 1299 720 enim
1345 643 1979 740 valetsententia..
2054 644 2378 746 quando'
2421 681 2531 730 ve·

474 780 602 836 rus
632 755 729 857 f)
778 754 1001 853 judex
1038 751 1328 845 ass'umit
1367 752 1498 828 fibi
1541 756 1765 830 alium
1813 772 2151 856 tanquam
2195 763 2528 859 conjudi-

470 898 633 952 cem
690 874 761 949 Q
807 872 1025 949 ambo
1074 871 1327 949 ferunt
1368 869 1835 966 sententiam,
1897 878 2089 952 unde
2138 877 2384 955 habet
2433 883 2526 956 lo·

464 1009 642 1064 cum
673 986 890 1061 illud.
872 1011 891 1030 ·
945 987 1140 1082 quod
1170 982 1408 1061 noluit
1442 982 1770 1078 potuitQ
1803 986 1997 1080 quod
2023 988 2264 1061 voluit
2301 992 2524 1067 adim·

464 1101 678 1199 plere
724 1099 1075 1198 nequivit.
1126 1096 1315 1173 utin
1362 1120 1419 1172 c.
1451 1114 1597 1171 cum
1626 1094 1855 1193 super.
1897 1099 1978 1171 de
2017 1094 2183 1190 Offi.
2227 1104 2412 1178 dele.
2461 1106 2522 1179 in
2581 1154 2582 1157 κ

466 1218 717 1316 primo
781 1213 1102 1311 ipsorum
1167 1214 1693 1311 Apostolorum
1765 1216 2134 1312 Concilio,
2213 1221 2316 1297 de
2385 1245 2521 1319 quo

466 1327 621 1405 Aa.
778 1350 923 1423 mo,
988 1327 1119 1404 ubi
1189 1325 1580 1401 tractatum
1639 1323 1784 1401 fuit
1848 1327 1938 1400 de
2005 1326 2518 1432 surrogatione

467 1444 641 1520 Mat
682 1447 741 1521 ie
782 1448 853 1522 in
891 1451 1135 1522 locum
1172 1444 1413 1534 J‘ude,
1466 1442 1636 1520 licet
1660 1445 1915 1519 Petms
1939 1460 2288 1544 tanquam
2335 1474 2518 1530 cete-

458 1553 566 1628 ris
607 1554 1108 1631 honorabilior
1134 1553 1414 1630 factum
1442 1549 1923 1650 proposuiffet
1951 1555 2021 1629 Q
2039 1556 2516 1657 persuafiffet,

464 1663 564 1743 fic
594 1666 1050 1761 faciendum,
1112 1671 1306 1745 unde
1345 1668 1450 1745 ibi
1477 1669 1740 1745 dicitur
1758 1669 1894 1746 Qc.
1926 1668 2228 1772 surgens
2265 1677 2519 1753 Petrus

460 1787 543 1865 in
597 1795 838 1872 medio
903 1792 1217 1870 fratrum
1252 1792 1388 1874 Qc.
1451 1791 1654 1869 aStus
1702 1806 1941 1870 tamen
1985 1795 2053 1868 Q
2089 1796 2468 1894 dispositio
2495 1856 2516 1890 ,

464 1928 611 2004 que
645 1915 990 1991 videntur
1021 1913 1593 2011 iurisdietionem
1643 1912 1712 1988 Q
1745 1913 2168 2009 potestatem
2222 1924 2518 2003 denota-

463 2057 553 2112 re
582 2051 752 2104 curn
791 2027 1069 2104 fuerint
1110 2027 1445 2102 omnibus
1493 2048 1935 2106 communes,
1983 2027 2258 2104 dicitur
2315 2035 2507 2108 enim

457 2154 565 2231 ibi
609 2153 701 2226 de
733 2147 1109 2241 omnibus,
1156 2150 1357 2247 quod
1400 2148 1803 2224 statuerunt
1832 2150 2010 2225 duos
2042 2148 2110 2224 Q
2145 2153 2515 2231 dederunt

444 2271 560 2347 'eis
590 2266 812 2344 sortes
837 2316 863 2358 a
905 2264 975 2341 Q
1008 2266 1267 2342 cecidit
1288 2262 1440 2340 sors
1478 2262 1694 2358 super
1709 2264 2093 2341 Mathiam.
2131 2288 2283 2344 non
2318 2274 2512 2349 enim
2585 2316 2586 2355 4

456 2388 561 2466 ibi
601 2387 905 2474 dIcitur
958 2385 1154 2480 quod
1183 2381 1374 2459 solus
1403 2383 1655 2458 Petrus
1687 2383 1846 2456 illos
1887 2385 2066 2456 duos
2101 2387 2511 2485 elegerit&

458 2498 725 2579 [ortem
759 2493 1082 2593 posuerit
1111 2492 1327 2591 super
1360 2516 1503 2569 eos.
1532 2493 1606 2569 Q
1634 2492 1750 2592 fa.
1782 2492 1889 2568 ηδ’.
1908 2494 2083 2569 illud
2103 2497 2380 2577 CXIII.
2416 2508 2509 2579 ad

457 2617 916 2710 probandum
951 2616 1146 2711 quod
1165 2629 1395 2690 totum
1417 2615 1822 2691 Concilium
1854 2615 2079 2710 potest
2097 2588 2508 2710 providere

457 2733 547 2807 de
580 2728 1051 2828 Episcopatu3
1102 2751 1266 2805 nam
1284 2730 1371 2803 de
1388 2727 1815 2827 Episcopatu
1832 2729 2016 2820 Jude
2041 2744 2213 2806 tunc
2227 2739 2507 2833 ageba·

454 2863 613 2921 tur·
595 2899 621 2940 ,
641 2846 828 2918 unde
845 2844 1091 2920 Petrus
1112 2862 1281 2921 tunc
1295 2843 1641 2943 allegavit
1658 2844 1835 2916 illud
1854 2842 2228 2920 Psalmiste:
2250 2849 2320 2920 Q
2344 2852 2504 2945 epi·

450 2954 821 3056 scopatum
841 2960 989 3059 ejus
1008 2960 1313 3057 accipiet
1340 2965 1550 3038 alter.
1603 2961 1682 3036 In
1697 2958 2005 3045 secundo
2026 2983 2204 3037 vero
2227 2966 2500 3044 Conci-

444 3082 547 3158 lio
569 3131 595 3173 ,
644 3080 893 3176 dequo
927 3081 1098 3156 Act.
1120 3079 1241 3153 VI.
1276 3080 1413 3155 hec
1427 3079 1814 3154 auctoritas
1848 3103 1989 3158 non
2021 3085 2254 3160 minus
2291 3090 2497 3164 clare

444 3186 828 3291 scribitur3
879 3216 1042 3271 nam
1084 3194 1185 3268 ibi
1229 3193 1492 3268 dicitur
1520 3195 1713 3291 quod
1753 3194 1913 3270 XII.
1956 3197 2255 3293 apostoli
2307 3224 2488 3277 con-

443 3323 786 3381 vocantes
862 3307 1407 3382 multitudinem
1492 3307 2009 3402 discipulorum
2101 3309 2486 3388 dixerunt:

440 3438 586 3493 non
622 3420 720 3494 est
761 3419 1031 3494 bonum
1064 3440 1192 3494 nos
1235 3417 1645 3513 relinquere
1678 3419 1996 3494 verbum·
2035 3418 2174 3495 Dei
2227 3419 2300 3495 Q
2345 3425 2488 3515 mi-

438 3516 742 3611 nistrare
773 3532 1054 3626 mense,
1102 3534 1544 3609 considerate
1589 3554 1768 3632 ergo
1813 3532 2154 3610 ex-vobis
2199 3530 2482 3629 septem

439 3655 641 3731 viros
688 3654 859 3730 boni
891 3650 1271 3747 testimonij
1314 3650 1564 3746 plenos
1622 3648 1895 3746 Spiritu
1945 3647 2232 3741 saneto,
2292 3674 2476 3748 quos

435 3765 942 3843 constituamus
980 3762 1197 3860 super
1235 3762 1378 3836 hoc
1415 3780 1595 3857 opus
1630 3759 1700 3835 Q
1730 3760 1833 3837 ita
1858 3759 2127 3836 ibidem
2165 3759 2474 3948 dicitctlir,

2180 3894 2322 3972 quo

529 4022 597 4108 e)
645 4009 857 4091 omiff.
888 4008 1208 4083 Ecclefiae.

506 4151 592 4246 f)
640 4173 788 4221 reus
837 4146 1052 4240 judex.
