2617 4617
496 660 816 758 Modus
873 555 1441 750 observandus¹
1453 546 2096 743 ⁴3131²keffionibus
2145 638 2559 731 concilio-

666 815 859 877 rum
904 779 1409 903 generalium
1453 771 1946 893 prasticatus
2017 767 2105 858 δι
2167 766 2562 858 observa-

666 943 801 1006 tus
830 922 916 1004 in
950 911 1328 1001 Concilia
1371 900 1991 995 Constantienfi.

503 1052 689 1141 Init.
742 1049 1017 1137 Primo
1049 1048 1136 1129 in
1162 1040 1354 1126 loco
1381 1036 1530 1126 uhi
1555 1056 1888 1122 tenetur
1927 1025 2179 1119 seffio.

847 1177 1058 1268 Cod.
1096 1186 1289 1272 Can.
1321 1190 1458 1277 88.
1492 1161 1556 1256 f.
1590 1188 1727 1276 50·

849 1297 1058 1401 cod,
1096 1312 1283 1383 can.
1316 1298 1456 1410 69.
1483 1282 1542 1375 f.
1579 1306 1764 1395 155.

1430 1456 1669 1549 1432.

506 1580 777 1683 Bulla,
828 1595 929 1686 ut
954 1570 1222 1662 nullus
1264 1571 1366 1655 in'
1395 1570 1616 1655 curia
1645 1565 2017 1650 Romana
2057 1556 2165 1647 ad
2201 1553 2555 1675 Episto-

668 1732 913 1828 patus
944 1705 1079 1793 vel
1100 1702 1284 1790 alias
1326 1698 1796 1816 praelaturas
1839 1717 2289 1808 promotus
2335 1693 2560 1777 reci-

670 1847 942 1959 piatur
966 1899 993 1941 ,
1048 1833 1192 1921 nisi
1228 1860 1326 1918 ea
1369 1830 1474 1917 de
1518 1856 1612 1914 re
1633 1825 1943 1912 litteras
1976 1824 2192 1911 edat.

338 2001 347 2024 ·
512 1977 697 2065 lnit.
753 1967 1123 2081 Injunfflr
1152 1961 1399 2049 nobis
1429 1959 1808 2047 debitum
1849 1956 2285 2044 servitutis.

861 2097 1081 2189 Cod.
1119 2096 1328 2183 Can.
1367 2096 1510 2210 69.
1542 2081 1606 2176 f.
1649 2090 1835 2195 156.
1873 2213 1880 2221 ι

420 2361 427 2370 s
520 2424 709 2516 Alia
736 2419 963 2510 Bulla
984 2437 1086 2503 ut
1113 2411 1334 2502 nulla
1352 2297 1784 2496 Prggizncia
1817 2361 2141 2504 civitaS,
2200 2398 2556 2488 castrum

688 2549 871 2639 villa
902 2546 1062 2632 διε.
1098 2540 1455 2629 obtentu
1479 2536 1661 2621 aeris
1709 2532 1948 2620 alieni
1987 2527 2553 2620 Ecclesiastico

675 2684 1187 2797 supponatur
1222 2666 1697 2757 interdiRO.

517 2808 708 2910 Init.
759 2798 1120 2894 Provide
1146 2792 1661 2883 attendentes
1689 2785 1929 2907 quod
1952 2805 2079 2872 ut.

848 2929 1074 3028 eod.
1109 2924 1313 3019 Can.
1341 2933 1482 3044 69.
1525 2916 1589 3011 f.
1639 2925 1824 3031 156.
1859 2949 1948 3039 p.
1978 2941 2061 3008 2.

1416 3133 1646 3225 1432·

523 3255 712 3347 Alia
728 3250 986 3353 Bulla,
1047 3273 1211 3362 qua
1243 3242 1778 3361 prohibetur,
1836 3264 1943 3323 ne
1978 3233 2368 3324 cadavera
2407 3264 2555 3323 eo·

682 3412 872 3474 rum
917 3377 1408 3497 praesertim,
1489 3378 1636 3492 qui
1683 3400 2038 3491 peregre
2077 3374 2558 3488 moriuntur

645 3503 1263 3597 -exenterentur
1304 3501 1390 3589 &
1437 3505 1520 3590 in
1559 3525 1833 3619 partes
1870 3499 2377 3614 scindantur,
2433 3521 2553 3585 at-

639 3662 847 3753 ‘que
891 3631 1055 3721 offa
1081 3633 1236 3720 alio
1273 3629 1749 3719 tumulanda
1773 3634 2245 3736 mittantur,
2303 3628 2554 3719 sedin

674 3762 866 3847 loco
917 3760 1060 3846 ubi
1106 3785 1336 3847 mors
1403 3764 1799 3875 contigit,
1875 3781 2016 3844 aut
2059 3759 2220 3845 alio
2267 3763 2554 3845 vicino
2599 3751 2600 3756 Ν

681 3883 992 3970 interea
1018 3881 1548 3997 sepeliantur,
1609 3884 1878 3968 donec
1923 3881 2027 3967 ad
2074 3883 2355 3969 locum
2402 3882 2553 3970 ubi

678 4008 1177 4123 sepulturam
1203 4005 1607 4125 elegerint
1635 4005 2213 4124 deportentur.
2252 4118 2286 4205 Ι
2353 4121 2371 4139 .

2291 4141 2436 4207 mt.
