2617 4617
873 300 1407 368 W
1921 308 2061 394 2⁶3

67 488 214 580 fia]
265 503 507 585 terre,
557 490 756 592 quod
802 488 854 565 fi
893 485 992 570 sal
1021 489 1444 582 evanuerit,
1490 489 1583 567 ad
1615 490 1927 570 nihilum
1962 492 2161 569 valet

75 605 359 701 ultra,
405 600 533 690 nifi
573 621 655 679 ut
685 601 1022 681 mittatur
1060 602 1255 682 foras
1292 601 1362 679 Q
1393 604 1859 682 conculcetur
1899 604 1993 679 ab
2026 605 2160 696 ho,

70 722 431 799 minibus
463 720 600 798 Qc.
659 742 749 797 ex
787 743 930 820 qua
978 720 1413 799 auctoritate
1458 721 1986 819 Apostolorum
2031 746 2161 799 ne·

74 837 387 916 minem
426 833 748 936 Christus
782 832 1126 931 exclusit,
1173 835 1347 931 quin
1385 834 1532 912 imo
1580 836 1990 929 Jeronimus
2022 834 2162 912 vir

80 948 563 1029 Clariffimus
607 968 859 1048 aperte
895 948 1102 1027 sensit
1136 950 1337 1028 illam
1382 950 1893 1029 auctoritatem
1931 933 2158 1028 babe-

77 1096 194 1153 re
221 1074 467 1152 locum
498 1072 717 1149 etiam
745 1088 997 1149 contra
1026 1075 1309 1170 Papam.
1345 1092 1427 1151 ut
1457 1075 1829 1175 colligitur
1858 1098 1952 1152 ex
1989 1097 2159 1152 ver·

90 1190 227 1267 bis
268 1186 467 1265 suis
438 1210 513 1265 m
552 1213 607 1266 c.
651 1210 788 1266 non
821 1189 1404 1291 omnes.epifi‘opi
1378 1194 1453 1287 zj.
1506 1218 1566 1295 q.
1600 1190 1764 1269 VII.
1810 1194 1935 1268 ubi
1967 1195 2161 1274 inter

85 1330 358 1391 cetera
402 1310 614 1404 dicit,
668 1309 761 1388 fic
792 1333 937 1386 non
992 1312 1089 1386 est
1136 1310 1347 1387 facile
1398 1310 1703 1408 starexin
1754 1310 1916 1386 loco
1965 1311 2161 1390 Petri
2269 1313 2277 1320 ’

85 1431 178 1505 Q
212 1428 413 1504 Pauli
447 1426 524 1514 b)
565 1425 833 1505 scilicet
877 1445 1126 1505 tenere
1166 1428 1607 1505 Kathedram
1651 1427 1796 1525 jam
1844 1450 2156 1525 regnan-

84 1544 298 1620 tium
328 1565 496 1619 cum
530 1542 810 1619 Christo
832 1593 858 1636 .,
929 1539 1364 1621 infatuatum
1414 1542 1514 1621 sal
1562 1548 1655 1621 ad
1689 1545 1995 1621 nihilum
2031 1566 2162 1622 va-

85 1659 259 1757 let,
304 1657 431 1736 nifi
463 1679 544 1737 ut
582 1659 1008 1762 projiciatur
1037 1659 1236 1737 foras
1279 1660 1350 1736 Q
1387 1665 1855 1742 conculcetur
1896 1685 1940 1738 a
1982 1685 2164 1762 por-

88 1778 240 1855 cis.
277 1778 409 1857 hec
450 1774 613 1854 sunt
661 1780 889 1856 verba
925 1778 1300 1877 Jeronymi
1347 1778 1419 1852 Q
1472 1796 1550 1854 ut
1582 1781 1682 1859 ibi
1728 1782 1907 1860 dicit
1952 1778 2158 1883 gloss.

85 1892 545 1976 infatuatum
591 1894 734 1991 sal,
783 1897 1123 1982 dicuntur
1171 1897 1360 1972 stulti
1397 1900 1702 1993 prelati,
1751 1900 2033 1998 insipidi
2084 1903 2163 1979 in

88 2003 549 2112 pfedicando
585 2007 769 2088 fatui
794 2011 868 2087 in
898 2008 1380 2106 delinquendo
1402 2061 1428 2103 .,
1481 2011 1604 2109 qui
1643 2029 2018 2109 ponuntur
2043 2009 2161 2088 fo-

96 2152 234 2207 ras
277 2130 345 2207 Q
391 2133 778 2232 ejiciuntur
809 2151 945 2228 per
975 2129 1492 2230 depositionem
1526 2145 1609 2206 ut
1638 2134 2157 2209 conculcentur

101 2276 155 2330 a
193 2252 432 2348 porcis
464 2252 539 2328 id
585 2253 702 2330 est.
739 2273 783 2326 a
817 2249 1290 2343 demonibus,
1341 2247 1410 2323 Q
1447 2271 1859 2346 quanquam
1906 2252 2011 2327 ibi
2040 2274 2162 2329 re-

20 2391 23 2398 ·
99 2360 365 2460 spectu
411 2362 597 2459 Pape
628 2383 775 2438 non
808 2359 1136 2457 dicatur,
1183 2380 1320 2456 per
1345 2380 1563 2456 quem
1608 2357 1734 2434 fiat
1780 2359 1905 2436 illa
1937 2361 2163 2455 depo-

104 2476 278 2555 sitio
305 2526 332 2570 .,
376 2491 693 2553 attamen
743 2474 951 2572 gloſja
1000 2471 1087 2569 eff
1129 2473 1239 2548 η’ὄ.
1283 2472 1361 2547 in
1418 2496 1474 2548 c.
1506 2472 1705 2571 ficut.
1741 2472 1820 2569 ᾔ.
1868 2498 1931 2580 q.
1988 2472 2159 2550 VII.

95 2623 249 2702 que
287 2597 504 2693 dicit,
553 2598 748 2697 quod
789 2595 1200 2692 ubicunque
1252 2592 1623 2691 reperitur
1669 2583 1930 2693 Papam
1964 2585 2162 2688 poll'e

94 2719 459 2839 judicari,
523 2714 832 2817 intelligi
867 2715 1083 2791 debet
1133 2736 1267 2811 per
1310 2713 1719 2790 Concilium
1765 2714 2156 2791 Generale.

93 2860 243 2939 pro
274 2838 413 2935 hoc
442 2834 557 2935 fa.
601 2857 711 2909 ar.
756 2858 811 2908 c.
852 2833 918 2934 fi
889 2834 1177 2932 z.Papa
1227 2834 1396 2908 XL.
1452 2833 1550 2907 di.
1599 2833 2018 2930 [impliciter
2052 2833 2161 2908 di·

95 2955 243 3044 cit,
293 2953 556 3048 Papam
597 2946 791 3047 pofl'e
846 2947 1151 3044 judicari
1201 2949 1291 3023 dc
1349 2946 1578 3024 heresi
1643 2948 1713 3023 Q
1771 2971 1914 3025 non
1987 2949 2165 3026 dicit

98 3089 244 3168 per
289 3088 504 3165 quem
534 3117 562 3162 .,
613 3062 733 3142 sed
750 3064 1107 3141 Doclores
1146 3061 1568 3165 intelligunt
1592 3084 1725 3161 per
1757 3064 2167 3139 Concilium

98 3204 188 3262 ut
217 3183 328 3260 ηδ’.
365 3185 496 3259 Ar.
545 3182 622 3257 in
662 3207 716 3257 c.
752 3184 827 3258 in
844 3180 1039 3278 fidei.
1077 3182 1158 3255 de
1193 3181 1424 3255 hereti.
1463 3180 1538 3254 li.
1587 3179 1710 3255 VI.
1751 3179 1821 3254 83
1855 3178 1941 3275 est
1963 3177 2150 3275 gloffi

50 3299 176 3376 ‚in
232 3323 290 3373 c.
364 3316 563 3372 nunc.
608 3298 821 3373 XXI.
880 3296 977 3372 di.
1032 3297 1130 3370 ad
1188 3295 1366 3370 idem
1421 3292 1607 3391 gloffi
1665 3292 1740 3369 in
1793 3317 1848 3369 c.
1901 3293 1966 3395 fi
2028 3295 2163 3367 duo

97 3414 464 3493 LXXIX.
530 3413 628 3489 di.
687 3412 762 3489 in
816 3416 945 3508 glo.
1014 3414 1089 3489 in
1136 3409 1219 3509 fi.
1284 3435 1426 3511 que
1473 3414 1703 3509 dicit,
1750 3413 2163 3490 Concilium

102 3535 658 3613 convocandum
690 3532 764 3606 in
798 3530 960 3608 casu
995 3528 1337 3608 scismatis
1377 3529 1444 3605 Q
1481 3531 1670 3606 idem
1708 3532 1779 3606 in
1812 3529 2158 3606 similibus

99 3648 200 3723 est
244 3646 674 3745 dicendum,
748 3648 1163 3745 ubicunque
1209 3649 1581 3745 reperitur
1640 3648 1903 3743 Papam
1960 3641 2159 3743 posse

97 3763 449 3863 judicari,
500 3764 881 3863 exquibus
912 3764 1314 3864 plurimum
1349 3780 1548 3863 patet
1581 3766 1669 3844 de
1692 3767 2150 3865 preeminen-

96 3880 195 3956 tia
231 3873 445 3978 supra
473 3880 762 3984 Papam.
1366 3943 1395 3964 .,

1142 3978 1211 4055 R
1259 3996 1310 4069 4
1844 3979 2061 4057 Tertio

125 4121 131 4128 ·
183 4093 260 4190 b,-
309 4095 502 4174 loco:
555 4096 829 4189 scilicet,
863 4096 1013 4195 sed.
1073 4151 1076 4154 -
1554 4087 1561 4102 ⁴
