<?xml version="1.0" encoding="UTF-8"?>
<!DOCTYPE html PUBLIC "-//W3C//DTD XHTML 1.0 Transitional//EN"
    "http://www.w3.org/TR/xhtml1/DTD/xhtml1-transitional.dtd">
<html xmlns="http://www.w3.org/1999/xhtml" xml:lang="en" lang="en">
 <head>
  <title>
</title>
<meta http-equiv="Content-Type" content="text/html;charset=utf-8" />
  <meta name='ocr-system' content='tesseract 3.04.00' />
  <meta name='ocr-capabilities' content='ocr_page ocr_carea ocr_par ocr_line ocrx_word'/>
</head>
<body>
  <div class='ocr_page' id='page_1' title='image "./subsidiadiploma00unkngoog_0382.png"; bbox 0 0 2617 4617; ppageno 0'>
   <div class='ocr_carea' id='block_1_1' title="bbox 783 323 1999 428">
    <p class='ocr_par' dir='ltr' id='par_1_1' title="bbox 783 323 1999 428">
     <span class='ocr_line' id='line_1_1' title="bbox 783 323 1999 428; baseline -0.012 -24"><span class='ocrx_word' id='word_1_1' title='bbox 783 323 1353 404; x_wconf 51' lang='lat' dir='ltr'><strong>m*</strong></span> <span class='ocrx_word' id='word_1_2' title='bbox 1802 341 1999 428; x_wconf 51' lang='lat'>2245}</span> 
     </span>
    </p>
   </div>
   <div class='ocr_carea' id='block_1_2' title="bbox 41 519 2093 626">
    <p class='ocr_par' dir='ltr' id='par_1_2' title="bbox 41 519 2093 626">
     <span class='ocr_line' id='line_1_2' title="bbox 41 519 2093 626; baseline -0.008 -11.983"><span class='ocrx_word' id='word_1_3' title='bbox 41 536 276 614; x_wconf 86' lang='lat' dir='ltr'><strong>ilium</strong></span> <span class='ocrx_word' id='word_1_4' title='bbox 307 530 640 618; x_wconf 76' lang='lat' dir='ltr'><strong>conclufb</strong></span> <span class='ocrx_word' id='word_1_5' title='bbox 672 528 1031 626; x_wconf 81' lang='lat' dir='ltr'><strong>habetur,</strong></span> <span class='ocrx_word' id='word_1_6' title='bbox 1075 544 1164 611; x_wconf 90' lang='lat' dir='ltr'><strong>ut</strong></span> <span class='ocrx_word' id='word_1_7' title='bbox 1206 526 1666 606; x_wconf 83' lang='lat' dir='ltr'><strong>venientibus</strong></span> <span class='ocrx_word' id='word_1_8' title='bbox 1699 523 1946 603; x_wconf 83' lang='lat' dir='ltr'><strong>Grecis</strong></span> <span class='ocrx_word' id='word_1_9' title='bbox 1976 519 2093 598; x_wconf 66' lang='lat' dir='ltr'><strong>ad*</strong></span> 
     </span>
    </p>
   </div>
   <div class='ocr_carea' id='block_1_3' title="bbox 39 641 2117 858">
    <p class='ocr_par' dir='ltr' id='par_1_3' title="bbox 39 641 2117 858">
     <span class='ocr_line' id='line_1_3' title="bbox 47 641 2117 754; baseline -0.009 -18"><span class='ocrx_word' id='word_1_10' title='bbox 47 662 360 740; x_wconf 86' lang='lat' dir='ltr'><strong>ltimum</strong></span> <span class='ocrx_word' id='word_1_11' title='bbox 394 673 691 754; x_wconf 89' lang='lat' dir='ltr'><strong>portum</strong></span> <span class='ocrx_word' id='word_1_12' title='bbox 719 656 1029 732; x_wconf 86' lang='lat' dir='ltr'><strong>latinum</strong></span> <span class='ocrx_word' id='word_1_13' title='bbox 1061 641 1188 750; x_wconf 71' lang='lat' dir='ltr'><strong>ip‘li</strong></span> <span class='ocrx_word' id='word_1_14' title='bbox 1236 654 1480 731; x_wconf 86' lang='lat' dir='ltr'><strong>Patres</strong></span> <span class='ocrx_word' id='word_1_15' title='bbox 1520 647 1824 745; x_wconf 79' lang='lat' dir='ltr'><strong>concilii</strong></span> <span class='ocrx_word' id='word_1_16' title='bbox 1878 642 2117 721; x_wconf 48' lang='lat' dir='ltr'><strong>infrah</strong></span> 
     </span>
     <span class='ocr_line' id='line_1_4' title="bbox 39 750 2072 858; baseline -0.009 -13"><span class='ocrx_word' id='word_1_17' title='bbox 39 766 336 845; x_wconf 69' lang='lat' dir='ltr'><strong>ienfem</strong></span> <span class='ocrx_word' id='word_1_18' title='bbox 379 768 472 842; x_wconf 86' lang='lat' dir='ltr'><strong>ad</strong></span> <span class='ocrx_word' id='word_1_19' title='bbox 513 768 757 843; x_wconf 85' lang='lat' dir='ltr'><strong>locum</strong></span> <span class='ocrx_word' id='word_1_20' title='bbox 790 762 1228 840; x_wconf 84' lang='lat' dir='ltr'><strong>oecomenici</strong></span> <span class='ocrx_word' id='word_1_21' title='bbox 1266 758 1568 858; x_wconf 87' lang='lat' dir='ltr'><strong>Concilij</strong></span> <span class='ocrx_word' id='word_1_22' title='bbox 1619 757 1691 836; x_wconf 86' lang='lat' dir='ltr'><strong>se</strong></span> <span class='ocrx_word' id='word_1_23' title='bbox 1721 750 2072 835; x_wconf 80' lang='lat' dir='ltr'><strong>transfer-</strong></span> 
     </span>
    </p>
   </div>
   <div class='ocr_carea' id='block_1_4' title="bbox 40 861 2105 1211">
    <p class='ocr_par' dir='ltr' id='par_1_4' title="bbox 40 861 2105 1211">
     <span class='ocr_line' id='line_1_5' title="bbox 40 861 2071 985; baseline -0.011 -21"><span class='ocrx_word' id='word_1_24' title='bbox 40 895 211 974; x_wconf 82' lang='lat' dir='ltr'><strong>ent,</strong></span> <span class='ocrx_word' id='word_1_25' title='bbox 287 903 470 985; x_wconf 83' lang='lat' dir='ltr'><strong>ergo</strong></span> <span class='ocrx_word' id='word_1_26' title='bbox 520 905 686 962; x_wconf 81' lang='lat' dir='ltr'><strong>cum</strong></span> <span class='ocrx_word' id='word_1_27' title='bbox 743 881 958 957; x_wconf 80' lang='lat' dir='ltr'><strong>Greci</strong></span> <span class='ocrx_word' id='word_1_28' title='bbox 1013 882 1513 972; x_wconf 70' lang='lat' dir='ltr'><strong>advenerunt,</strong></span> <span class='ocrx_word' id='word_1_29' title='bbox 1583 874 1946 953; x_wconf 90' lang='lat' dir='ltr'><strong>debebant</strong></span> <span class='ocrx_word' id='word_1_30' title='bbox 1995 861 2071 943; x_wconf 83' lang='lat' dir='ltr'><strong>se</strong></span> 
     </span>
     <span class='ocr_line' id='line_1_6' title="bbox 40 990 2105 1089; baseline -0.007 -15"><span class='ocrx_word' id='word_1_31' title='bbox 40 997 416 1076; x_wconf 81' lang='lat' dir='ltr'><strong>ransferre</strong></span> <span class='ocrx_word' id='word_1_32' title='bbox 470 1001 562 1076; x_wconf 84' lang='lat' dir='ltr'><strong>ad</strong></span> <span class='ocrx_word' id='word_1_33' title='bbox 636 1000 879 1075; x_wconf 84' lang='lat' dir='ltr'><strong>locum</strong></span> <span class='ocrx_word' id='word_1_34' title='bbox 943 998 1388 1076; x_wconf 75' lang='lat' dir='ltr'><strong>oecumenici</strong></span> <span class='ocrx_word' id='word_1_35' title='bbox 1446 992 1757 1089; x_wconf 82' lang='lat' dir='ltr'><strong>Concilij</strong></span> <span class='ocrx_word' id='word_1_36' title='bbox 1794 990 1871 1066; x_wconf 71' lang='lat' dir='ltr'><strong>dc</strong></span> <span class='ocrx_word' id='word_1_37' title='bbox 1919 993 2105 1065; x_wconf 63' lang='lat' dir='ltr'><strong>non*</strong></span> 
     </span>
     <span class='ocr_line' id='line_1_7' title="bbox 40 1108 2072 1211; baseline -0.005 -21"><span class='ocrx_word' id='word_1_38' title='bbox 40 1114 312 1191; x_wconf 66' lang='lat' dir='ltr'><strong>.ianere</strong></span> <span class='ocrx_word' id='word_1_39' title='bbox 359 1116 433 1192; x_wconf 86' lang='lat' dir='ltr'><strong>in</strong></span> <span class='ocrx_word' id='word_1_40' title='bbox 481 1114 749 1193; x_wconf 79' lang='lat' dir='ltr'><strong>Basilea</strong></span> <span class='ocrx_word' id='word_1_41' title='bbox 794 1113 944 1191; x_wconf 82' lang='lat' dir='ltr'><strong>fixi.</strong></span> <span class='ocrx_word' id='word_1_42' title='bbox 1049 1112 1637 1211; x_wconf 81' lang='lat' dir='ltr'><strong>Respondetur‚</strong></span> <span class='ocrx_word' id='word_1_43' title='bbox 1666 1112 1872 1210; x_wconf 89' lang='lat' dir='ltr'><strong>quod</strong></span> <span class='ocrx_word' id='word_1_44' title='bbox 1926 1108 2072 1182; x_wconf 86' lang='lat' dir='ltr'><strong>hoc</strong></span> 
     </span>
    </p>
   </div>
   <div class='ocr_carea' id='block_1_5' title="bbox 40 1227 2072 1437">
    <p class='ocr_par' dir='ltr' id='par_1_5' title="bbox 40 1227 2072 1437">
     <span class='ocr_line' id='line_1_8' title="bbox 40 1227 2072 1331; baseline -0.005 -23"><span class='ocrx_word' id='word_1_45' title='bbox 40 1227 528 1331; x_wconf 75' lang='lat' dir='ltr'><strong>rgumentum</strong></span> <span class='ocrx_word' id='word_1_46' title='bbox 576 1236 775 1309; x_wconf 87' lang='lat' dir='ltr'><strong>nullo</strong></span> <span class='ocrx_word' id='word_1_47' title='bbox 824 1233 1060 1309; x_wconf 86' lang='lat' dir='ltr'><strong>modo</strong></span> <span class='ocrx_word' id='word_1_48' title='bbox 1088 1233 1499 1330; x_wconf 81' lang='lat' dir='ltr'><strong>concludit,</strong></span> <span class='ocrx_word' id='word_1_49' title='bbox 1572 1229 1742 1330; x_wconf 89' lang='lat' dir='ltr'><strong>quia</strong></span> <span class='ocrx_word' id='word_1_50' title='bbox 1790 1227 2072 1304; x_wconf 84' lang='lat' dir='ltr'><strong>Decre-</strong></span> 
     </span>
     <span class='ocr_line' id='line_1_9' title="bbox 40 1330 2071 1437; baseline -0.004 -24"><span class='ocrx_word' id='word_1_51' title='bbox 40 1358 161 1413; x_wconf 88' lang='lat' dir='ltr'><strong>um</strong></span> <span class='ocrx_word' id='word_1_52' title='bbox 192 1338 591 1417; x_wconf 77' lang='lat' dir='ltr'><strong>Balilienfis</strong></span> <span class='ocrx_word' id='word_1_53' title='bbox 628 1338 927 1437; x_wconf 86' lang='lat' dir='ltr'><strong>Concilij</strong></span> <span class='ocrx_word' id='word_1_54' title='bbox 958 1336 1283 1435; x_wconf 80' lang='lat' dir='ltr'><strong>expreffe</strong></span> <span class='ocrx_word' id='word_1_55' title='bbox 1303 1338 1670 1432; x_wconf 74' lang='lat' dir='ltr'><strong>habebat,</strong></span> <span class='ocrx_word' id='word_1_56' title='bbox 1718 1332 1913 1434; x_wconf 87' lang='lat' dir='ltr'><strong>quod</strong></span> <span class='ocrx_word' id='word_1_57' title='bbox 1938 1330 2071 1407; x_wconf 87' lang='lat' dir='ltr'><strong>Pa·</strong></span> 
     </span>
    </p>
   </div>
   <div class='ocr_carea' id='block_1_6' title="bbox 40 1454 2091 1674">
    <p class='ocr_par' dir='ltr' id='par_1_6' title="bbox 40 1454 2091 1674">
     <span class='ocr_line' id='line_1_10' title="bbox 40 1454 2091 1560; baseline -0.003 -31"><span class='ocrx_word' id='word_1_58' title='bbox 40 1476 149 1532; x_wconf 85' lang='lat' dir='ltr'><strong>res</strong></span> <span class='ocrx_word' id='word_1_59' title='bbox 213 1460 316 1534; x_wconf 88' lang='lat' dir='ltr'><strong>de</strong></span> <span class='ocrx_word' id='word_1_60' title='bbox 358 1459 681 1535; x_wconf 82' lang='lat' dir='ltr'><strong>Concilio</strong></span> <span class='ocrx_word' id='word_1_61' title='bbox 714 1458 1078 1534; x_wconf 82' lang='lat' dir='ltr'><strong>debebant</strong></span> <span class='ocrx_word' id='word_1_62' title='bbox 1125 1456 1197 1534; x_wconf 89' lang='lat' dir='ltr'><strong>se</strong></span> <span class='ocrx_word' id='word_1_63' title='bbox 1244 1456 1649 1536; x_wconf 76' lang='lat' dir='ltr'><strong>transferre</strong></span> <span class='ocrx_word' id='word_1_64' title='bbox 1682 1454 1781 1529; x_wconf 81' lang='lat' dir='ltr'><strong>ad</strong></span> <span class='ocrx_word' id='word_1_65' title='bbox 1821 1454 2091 1560; x_wconf 72' lang='lat' dir='ltr'><strong>locumj</strong></span> 
     </span>
     <span class='ocr_line' id='line_1_11' title="bbox 40 1562 2091 1674; baseline -0.001 -35"><span class='ocrx_word' id='word_1_66' title='bbox 40 1589 141 1645; x_wconf 77' lang='lat' dir='ltr'><strong>›er</strong></span> <span class='ocrx_word' id='word_1_67' title='bbox 177 1565 471 1674; x_wconf 84' lang='lat' dir='ltr'><strong>sacrum</strong></span> <span class='ocrx_word' id='word_1_68' title='bbox 501 1570 783 1646; x_wconf 88' lang='lat' dir='ltr'><strong>Concili</strong></span> <span class='ocrx_word' id='word_1_69' title='bbox 840 1591 913 1646; x_wconf 85' lang='lat' dir='ltr'><strong>m</strong></span> <span class='ocrx_word' id='word_1_70' title='bbox 946 1568 1466 1649; x_wconf 83' lang='lat' dir='ltr'><strong>nominandum</strong></span> <span class='ocrx_word' id='word_1_71' title='bbox 1490 1621 1516 1667; x_wconf 82' lang='lat'>,</span> <span class='ocrx_word' id='word_1_72' title='bbox 1561 1591 1649 1647; x_wconf 90' lang='lat' dir='ltr'><strong>ac</strong></span> <span class='ocrx_word' id='word_1_73' title='bbox 1676 1562 1895 1643; x_wconf 82' lang='lat' dir='ltr'><strong>Greci</strong></span> <span class='ocrx_word' id='word_1_74' title='bbox 1923 1579 2091 1638; x_wconf 76' lang='lat' dir='ltr'><strong>non-</strong></span> 
     </span>
    </p>
   </div>
   <div class='ocr_carea' id='block_1_7' title="bbox 40 1683 2153 2025">
    <p class='ocr_par' dir='ltr' id='par_1_7' title="bbox 40 1683 2153 2025">
     <span class='ocr_line' id='line_1_12' title="bbox 40 1683 2093 1788; baseline -0.002 -30"><span class='ocrx_word' id='word_1_75' title='bbox 40 1703 381 1765; x_wconf 75' lang='lat' dir='ltr'><strong>renerunt</strong></span> <span class='ocrx_word' id='word_1_76' title='bbox 417 1691 512 1765; x_wconf 89' lang='lat' dir='ltr'><strong>ad</strong></span> <span class='ocrx_word' id='word_1_77' title='bbox 549 1689 753 1763; x_wconf 87' lang='lat' dir='ltr'><strong>illum</strong></span> <span class='ocrx_word' id='word_1_78' title='bbox 786 1690 805 1763; x_wconf 92' lang='grc'>1</span> <span class='ocrx_word' id='word_1_79' title='bbox 904 1709 1065 1776; x_wconf 89' lang='lat' dir='ltr'><strong>um,</strong></span> <span class='ocrx_word' id='word_1_80' title='bbox 1116 1690 1286 1784; x_wconf 86' lang='lat' dir='ltr'><strong>quia</strong></span> <span class='ocrx_word' id='word_1_81' title='bbox 1321 1710 1559 1788; x_wconf 89' lang='lat' dir='ltr'><strong>neque</strong></span> <span class='ocrx_word' id='word_1_82' title='bbox 1584 1688 1679 1764; x_wconf 84' lang='lat' dir='ltr'><strong>ad</strong></span> <span class='ocrx_word' id='word_1_83' title='bbox 1711 1683 2093 1784; x_wconf 78' lang='lat' dir='ltr'><strong>Bafileam,‘</strong></span> 
     </span>
     <span class='ocr_line' id='line_1_13' title="bbox 40 1790 2153 1902; baseline -0.003 -21"><span class='ocrx_word' id='word_1_84' title='bbox 40 1804 414 1882; x_wconf 62' lang='lat' dir='ltr'><strong>rvinionem</strong></span> <span class='ocrx_word' id='word_1_85' title='bbox 462 1826 694 1902; x_wconf 88' lang='lat' dir='ltr'><strong>neque</strong></span> <span class='ocrx_word' id='word_1_86' title='bbox 730 1806 824 1883; x_wconf 88' lang='lat' dir='ltr'><strong>ad</strong></span> <span class='ocrx_word' id='word_1_87' title='bbox 861 1805 1335 1900; x_wconf 74' lang='lat' dir='ltr'><strong>Sabaudz&#39;am5</strong></span> <span class='ocrx_word' id='word_1_88' title='bbox 1395 1807 1467 1882; x_wconf 70' lang='grc' dir='ltr'><strong>δι</strong></span> <span class='ocrx_word' id='word_1_89' title='bbox 1508 1806 1920 1883; x_wconf 86' lang='lat' dir='ltr'><strong>mirandum</strong></span> <span class='ocrx_word' id='word_1_90' title='bbox 1968 1790 2074 1877; x_wconf 81' lang='lat' dir='ltr'><strong>est</strong></span> <span class='ocrx_word' id='word_1_91' title='bbox 2146 1836 2153 1843; x_wconf 91' lang='lat'><strong>·</strong></span> 
     </span>
     <span class='ocr_line' id='line_1_14' title="bbox 40 1912 2072 2025; baseline 0 -35"><span class='ocrx_word' id='word_1_92' title='bbox 40 1918 263 1998; x_wconf 81' lang='lat' dir='ltr'><strong>letali</strong></span> <span class='ocrx_word' id='word_1_93' title='bbox 297 1923 942 2025; x_wconf 84' lang='lat' dir='ltr'><strong>argumentatione</strong></span> <span class='ocrx_word' id='word_1_94' title='bbox 963 1946 1164 1999; x_wconf 81' lang='lat' dir='ltr'><strong>vana</strong></span> <span class='ocrx_word' id='word_1_95' title='bbox 1221 1946 1391 2000; x_wconf 83' lang='lat' dir='ltr'><strong>nam</strong></span> <span class='ocrx_word' id='word_1_96' title='bbox 1435 1921 1487 1999; x_wconf 83' lang='lat' dir='ltr'><strong>fi</strong></span> <span class='ocrx_word' id='word_1_97' title='bbox 1535 1922 1751 1999; x_wconf 84' lang='lat' dir='ltr'><strong>Greci</strong></span> <span class='ocrx_word' id='word_1_98' title='bbox 1795 1912 2072 2019; x_wconf 88' lang='lat' dir='ltr'><strong>potuis·</strong></span> 
     </span>
    </p>
   </div>
   <div class='ocr_carea' id='block_1_8' title="bbox 40 2023 2175 2247">
    <p class='ocr_par' dir='ltr' id='par_1_8' title="bbox 40 2023 2175 2247">
     <span class='ocr_line' id='line_1_15' title="bbox 40 2023 2175 2168; baseline 0 -64"><span class='ocrx_word' id='word_1_99' title='bbox 40 2024 160 2107; x_wconf 84' lang='lat' dir='ltr'><strong>&#39;ent</strong></span> <span class='ocrx_word' id='word_1_100' title='bbox 203 2032 492 2114; x_wconf 86' lang='lat' dir='ltr'><strong>sacrum</strong></span> <span class='ocrx_word' id='word_1_101' title='bbox 527 2036 933 2113; x_wconf 83' lang='lat' dir='ltr'><strong>Concilium</strong></span> <span class='ocrx_word' id='word_1_102' title='bbox 971 2037 1241 2112; x_wconf 88' lang='lat' dir='ltr'><strong>ducere</strong></span> <span class='ocrx_word' id='word_1_103' title='bbox 1270 2038 1362 2112; x_wconf 84' lang='lat' dir='ltr'><strong>ad</strong></span> <span class='ocrx_word' id='word_1_104' title='bbox 1395 2058 1613 2168; x_wconf 80' lang='lat' dir='ltr'><strong>quem</strong></span> <span class='ocrx_word' id='word_1_105' title='bbox 1644 2038 1882 2112; x_wconf 89' lang='lat' dir='ltr'><strong>locum</strong></span> <span class='ocrx_word' id='word_1_106' title='bbox 1934 2050 2070 2105; x_wconf 86' lang='lat' dir='ltr'><strong>vo·</strong></span> <span class='ocrx_word' id='word_1_107' title='bbox 2090 2041 2097 2050; x_wconf 82' lang='lat'><strong><em>&#39;</em></strong></span> <span class='ocrx_word' id='word_1_108' title='bbox 2171 2023 2175 2030; x_wconf 78' lang='grc'><strong><em>’</em></strong></span> 
     </span>
     <span class='ocr_line' id='line_1_16' title="bbox 46 2143 2093 2247; baseline 0 -29"><span class='ocrx_word' id='word_1_109' title='bbox 46 2143 343 2245; x_wconf 84' lang='lat' dir='ltr'><strong>uissent,</strong></span> <span class='ocrx_word' id='word_1_110' title='bbox 396 2150 568 2247; x_wconf 88' lang='lat' dir='ltr'><strong>quicl</strong></span> <span class='ocrx_word' id='word_1_111' title='bbox 603 2148 998 2247; x_wconf 85' lang='lat' dir='ltr'><strong>oportebat</strong></span> <span class='ocrx_word' id='word_1_112' title='bbox 1024 2146 1268 2225; x_wconf 89' lang='lat' dir='ltr'><strong>facere</strong></span> <span class='ocrx_word' id='word_1_113' title='bbox 1299 2172 1469 2227; x_wconf 87' lang='lat' dir='ltr'><strong>cum</strong></span> <span class='ocrx_word' id='word_1_114' title='bbox 1514 2149 1614 2226; x_wconf 86' lang='lat' dir='ltr'><strong>eis</strong></span> <span class='ocrx_word' id='word_1_115' title='bbox 1655 2143 2093 2242; x_wconf 54' lang='lat' dir='ltr'><strong>compasta-³</strong></span> 
     </span>
    </p>
   </div>
   <div class='ocr_carea' id='block_1_9' title="bbox 40 2262 2105 2602">
    <p class='ocr_par' dir='ltr' id='par_1_9' title="bbox 40 2262 2105 2602">
     <span class='ocr_line' id='line_1_17' title="bbox 40 2262 2074 2365; baseline 0.002 -29"><span class='ocrx_word' id='word_1_116' title='bbox 40 2281 92 2336; x_wconf 83' lang='lat' dir='ltr'><strong>:a</strong></span> <span class='ocrx_word' id='word_1_117' title='bbox 119 2265 205 2341; x_wconf 92' lang='lat' dir='ltr'><strong>de</strong></span> <span class='ocrx_word' id='word_1_118' title='bbox 244 2266 462 2343; x_wconf 68' lang='lat' dir='ltr'><strong>loco?</strong></span> <span class='ocrx_word' id='word_1_119' title='bbox 511 2265 580 2342; x_wconf 71' lang='grc' dir='ltr'><strong>δι</strong></span> <span class='ocrx_word' id='word_1_120' title='bbox 608 2267 964 2364; x_wconf 84' lang='lat' dir='ltr'><strong>precipue</strong></span> <span class='ocrx_word' id='word_1_121' title='bbox 1003 2290 1169 2343; x_wconf 89' lang='lat' dir='ltr'><strong>cum</strong></span> <span class='ocrx_word' id='word_1_122' title='bbox 1205 2264 1513 2365; x_wconf 84' lang='lat' dir='ltr'><strong>1psemet·</strong></span> <span class='ocrx_word' id='word_1_123' title='bbox 1535 2266 1898 2365; x_wconf 84' lang='lat' dir='ltr'><strong>quondam</strong></span> <span class='ocrx_word' id='word_1_124' title='bbox 1916 2262 2074 2340; x_wconf 81' lang='lat' dir='ltr'><strong>Eu-</strong></span> 
     </span>
     <span class='ocr_line' id='line_1_18' title="bbox 40 2380 2097 2484; baseline -0.007 -16"><span class='ocrx_word' id='word_1_125' title='bbox 40 2380 251 2468; x_wconf 61' lang='lat' dir='ltr'><strong>{enias</strong></span> <span class='ocrx_word' id='word_1_126' title='bbox 291 2387 421 2462; x_wconf 86' lang='lat' dir='ltr'><strong>illa</strong></span> <span class='ocrx_word' id='word_1_127' title='bbox 445 2384 907 2483; x_wconf 62' lang='lat' dir='ltr'><strong>compaflata</strong></span> <span class='ocrx_word' id='word_1_128' title='bbox 950 2384 1547 2481; x_wconf 72' lang='lat' dir='ltr'><strong>approbaverat?</strong></span> <span class='ocrx_word' id='word_1_129' title='bbox 1609 2387 1705 2463; x_wconf 88' lang='lat' dir='ltr'><strong>Et</strong></span> <span class='ocrx_word' id='word_1_130' title='bbox 1744 2404 1884 2484; x_wconf 89' lang='lat' dir='ltr'><strong>per</strong></span> <span class='ocrx_word' id='word_1_131' title='bbox 1923 2382 2097 2457; x_wconf 79' lang='lat' dir='ltr'><strong>hoc&#39;</strong></span> 
     </span>
     <span class='ocr_line' id='line_1_19' title="bbox 40 2497 2105 2602; baseline 0.001 -27"><span class='ocrx_word' id='word_1_132' title='bbox 40 2498 329 2584; x_wconf 74' lang='lat' dir='ltr'><strong>solvitur</strong></span> <span class='ocrx_word' id='word_1_133' title='bbox 361 2527 616 2584; x_wconf 87' lang='lat' dir='ltr'><strong>eorum</strong></span> <span class='ocrx_word' id='word_1_134' title='bbox 654 2505 948 2583; x_wconf 85' lang='lat' dir='ltr'><strong>tertium</strong></span> <span class='ocrx_word' id='word_1_135' title='bbox 994 2504 1403 2602; x_wconf 75' lang='lat' dir='ltr'><strong>motivum,</strong></span> <span class='ocrx_word' id='word_1_136' title='bbox 1459 2497 1708 2592; x_wconf 77' lang='lat' dir='ltr'><strong>dicunt</strong></span> <span class='ocrx_word' id='word_1_137' title='bbox 1754 2503 1945 2582; x_wconf 88' lang='lat' dir='ltr'><strong>enim</strong></span> <span class='ocrx_word' id='word_1_138' title='bbox 1990 2502 2105 2579; x_wconf 84' lang='lat' dir='ltr'><strong>in·</strong></span> 
     </span>
    </p>
   </div>
   <div class='ocr_carea' id='block_1_10' title="bbox 40 2617 2076 2838">
    <p class='ocr_par' dir='ltr' id='par_1_10' title="bbox 40 2617 2076 2838">
     <span class='ocr_line' id='line_1_20' title="bbox 40 2617 2076 2725; baseline -0.001 -24"><span class='ocrx_word' id='word_1_139' title='bbox 40 2634 158 2714; x_wconf 69' lang='grc' dir='ltr'><strong>ΕΟ,</strong></span> <span class='ocrx_word' id='word_1_140' title='bbox 205 2619 461 2721; x_wconf 87' lang='lat' dir='ltr'><strong>quod</strong></span> <span class='ocrx_word' id='word_1_141' title='bbox 438 2645 514 2699; x_wconf 86' lang='lat' dir='ltr'><strong>m</strong></span> <span class='ocrx_word' id='word_1_142' title='bbox 547 2624 840 2701; x_wconf 87' lang='lat' dir='ltr'><strong>decreto</strong></span> <span class='ocrx_word' id='word_1_143' title='bbox 867 2619 1050 2702; x_wconf 83' lang='lat' dir='ltr'><strong>sacn</strong></span> <span class='ocrx_word' id='word_1_144' title='bbox 1069 2624 1372 2725; x_wconf 81' lang='lat' dir='ltr'><strong>Conc1l1]</strong></span> <span class='ocrx_word' id='word_1_145' title='bbox 1403 2617 1829 2719; x_wconf 70' lang='lat' dir='ltr'><strong>dicebatur,</strong></span> <span class='ocrx_word' id='word_1_146' title='bbox 1875 2621 2076 2721; x_wconf 85' lang='lat' dir='ltr'><strong>quod</strong></span> 
     </span>
     <span class='ocr_line' id='line_1_21' title="bbox 40 2730 2073 2838; baseline 0 -28"><span class='ocrx_word' id='word_1_147' title='bbox 40 2749 329 2830; x_wconf 86' lang='lat' dir='ltr'><strong>propter</strong></span> <span class='ocrx_word' id='word_1_148' title='bbox 369 2737 650 2814; x_wconf 87' lang='lat' dir='ltr'><strong>nullum</strong></span> <span class='ocrx_word' id='word_1_149' title='bbox 683 2737 922 2812; x_wconf 82' lang='lat' dir='ltr'><strong>locum</strong></span> <span class='ocrx_word' id='word_1_150' title='bbox 971 2750 1120 2811; x_wconf 86' lang='lat' dir='ltr'><strong>tam</strong></span> <span class='ocrx_word' id='word_1_151' title='bbox 1147 2760 1497 2837; x_wconf 82' lang='lat' dir='ltr'><strong>magnum</strong></span> <span class='ocrx_word' id='word_1_152' title='bbox 1529 2756 1747 2838; x_wconf 89' lang='lat' dir='ltr'><strong>atque</strong></span> <span class='ocrx_word' id='word_1_153' title='bbox 1779 2730 2073 2815; x_wconf 68' lang='lat' dir='ltr'><strong>stnffls</strong></span> 
     </span>
    </p>
   </div>
   <div class='ocr_carea' id='block_1_11' title="bbox 40 2843 2106 4142">
    <p class='ocr_par' dir='ltr' id='par_1_11' title="bbox 40 2843 2106 3779">
     <span class='ocr_line' id='line_1_22' title="bbox 40 2843 2106 2952; baseline 0.004 -32"><span class='ocrx_word' id='word_1_154' title='bbox 40 2843 281 2930; x_wconf 82' lang='lat' dir='ltr'><strong>limum</strong></span> <span class='ocrx_word' id='word_1_155' title='bbox 310 2875 492 2949; x_wconf 80' lang='lat' dir='ltr'><strong>opus</strong></span> <span class='ocrx_word' id='word_1_156' title='bbox 533 2853 830 2930; x_wconf 82' lang='lat' dir='ltr'><strong>deberet</strong></span> <span class='ocrx_word' id='word_1_157' title='bbox 864 2853 1196 2949; x_wconf 88' lang='lat' dir='ltr'><strong>postponi</strong></span> <span class='ocrx_word' id='word_1_158' title='bbox 1233 2852 1302 2928; x_wconf 71' lang='grc' dir='ltr'>ἅ</span> <span class='ocrx_word' id='word_1_159' title='bbox 1350 2858 1545 2952; x_wconf 79' lang='lat' dir='ltr'><strong>quod</strong></span> <span class='ocrx_word' id='word_1_160' title='bbox 1575 2858 1716 2934; x_wconf 85' lang='lat' dir='ltr'><strong>hoc</strong></span> <span class='ocrx_word' id='word_1_161' title='bbox 1758 2854 1902 2932; x_wconf 86' lang='lat' dir='ltr'><strong>fuit</strong></span> <span class='ocrx_word' id='word_1_162' title='bbox 1957 2851 2106 2950; x_wconf 55' lang='lat' dir='ltr'><strong>fu:</strong></span> 
     </span>
     <span class='ocr_line' id='line_1_23' title="bbox 40 2968 2095 3070; baseline 0.007 -35"><span class='ocrx_word' id='word_1_163' title='bbox 40 2981 352 3044; x_wconf 82' lang='lat' dir='ltr'><strong>ramento</strong></span> <span class='ocrx_word' id='word_1_164' title='bbox 387 2968 780 3045; x_wconf 85' lang='lat' dir='ltr'><strong>firmatum.</strong></span> <span class='ocrx_word' id='word_1_165' title='bbox 823 2990 1001 3070; x_wconf 85' lang='lat' dir='ltr'><strong>ergo</strong></span> <span class='ocrx_word' id='word_1_166' title='bbox 1035 2985 1343 3068; x_wconf 83' lang='lat' dir='ltr'><strong>propter</strong></span> <span class='ocrx_word' id='word_1_167' title='bbox 1375 2975 1635 3051; x_wconf 87' lang='lat' dir='ltr'><strong>locum·</strong></span> <span class='ocrx_word' id='word_1_168' title='bbox 1658 2995 1805 3050; x_wconf 89' lang='lat' dir='ltr'><strong>non</strong></span> <span class='ocrx_word' id='word_1_169' title='bbox 1852 2971 2072 3048; x_wconf 79' lang='lat' dir='ltr'><strong>debe</strong></span> <span class='ocrx_word' id='word_1_170' title='bbox 2088 3001 2095 3016; x_wconf 95' lang='lat'>·</span> 
     </span>
     <span class='ocr_line' id='line_1_24' title="bbox 44 3070 2072 3185; baseline 0.006 -32"><span class='ocrx_word' id='word_1_171' title='bbox 44 3070 156 3154; x_wconf 78' lang='lat' dir='ltr'><strong>bat</strong></span> <span class='ocrx_word' id='word_1_172' title='bbox 187 3082 470 3163; x_wconf 86' lang='lat' dir='ltr'><strong>sacrum</strong></span> <span class='ocrx_word' id='word_1_173' title='bbox 506 3086 914 3163; x_wconf 88' lang='lat' dir='ltr'><strong>Concilium</strong></span> <span class='ocrx_word' id='word_1_174' title='bbox 951 3085 1323 3185; x_wconf 72' lang='lat' dir='ltr'><strong>Baiihense</strong></span> <span class='ocrx_word' id='word_1_175' title='bbox 1375 3088 1739 3167; x_wconf 86' lang='lat' dir='ltr'><strong>dimittere</strong></span> <span class='ocrx_word' id='word_1_176' title='bbox 1787 3105 2072 3168; x_wconf 83' lang='lat' dir='ltr'><strong>tantum</strong></span> 
     </span>
     <span class='ocr_line' id='line_1_25' title="bbox 40 3189 2072 3307; baseline 0.006 -36"><span class='ocrx_word' id='word_1_177' title='bbox 40 3189 318 3280; x_wconf 82' lang='lat' dir='ltr'><strong>bonum.</strong></span> <span class='ocrx_word' id='word_1_178' title='bbox 417 3204 547 3281; x_wconf 87' lang='lat' dir='ltr'><strong>Ad</strong></span> <span class='ocrx_word' id='word_1_179' title='bbox 597 3203 739 3280; x_wconf 89' lang='lat' dir='ltr'><strong>hoc</strong></span> <span class='ocrx_word' id='word_1_180' title='bbox 782 3204 972 3281; x_wconf 87' lang='lat' dir='ltr'><strong>enim</strong></span> <span class='ocrx_word' id='word_1_181' title='bbox 1033 3198 1548 3303; x_wconf 87' lang='lat' dir='ltr'><strong>respondetur,</strong></span> <span class='ocrx_word' id='word_1_182' title='bbox 1632 3193 2072 3307; x_wconf 45' lang='lat' dir='ltr'><strong>quodxcaret</strong></span> 
     </span>
     <span class='ocr_line' id='line_1_26' title="bbox 40 3311 2065 3419; baseline 0.007 -35"><span class='ocrx_word' id='word_1_183' title='bbox 40 3321 376 3416; x_wconf 73' lang='lat' dir='ltr'><strong>veritate,</strong></span> <span class='ocrx_word' id='word_1_184' title='bbox 443 3337 527 3397; x_wconf 91' lang='lat' dir='ltr'><strong>ut</strong></span> <span class='ocrx_word' id='word_1_185' title='bbox 592 3320 811 3419; x_wconf 86' lang='lat' dir='ltr'><strong>supra</strong></span> <span class='ocrx_word' id='word_1_186' title='bbox 860 3323 956 3397; x_wconf 66' lang='lat' dir='ltr'><strong>in</strong></span> <span class='ocrx_word' id='word_1_187' title='bbox 993 3311 1548 3418; x_wconf 69' lang='lat' dir='ltr'><strong>precedentibus</strong></span> <span class='ocrx_word' id='word_1_188' title='bbox 1582 3326 1885 3402; x_wconf 62' lang='lat' dir='ltr'><strong>dietum</strong></span> <span class='ocrx_word' id='word_1_189' title='bbox 1943 3327 2065 3403; x_wconf 89' lang='lat' dir='ltr'><strong>est.</strong></span> 
     </span>
     <span class='ocr_line' id='line_1_27' title="bbox 42 3431 2071 3568; baseline 0.009 -69"><span class='ocrx_word' id='word_1_190' title='bbox 42 3441 192 3503; x_wconf 85' lang='lat' dir='ltr'><strong>nam</strong></span> <span class='ocrx_word' id='word_1_191' title='bbox 241 3435 505 3512; x_wconf 84' lang='lat' dir='ltr'><strong>veritas</strong></span> <span class='ocrx_word' id='word_1_192' title='bbox 572 3433 774 3524; x_wconf 86' lang='lat' dir='ltr'><strong>fuit,</strong></span> <span class='ocrx_word' id='word_1_193' title='bbox 826 3436 1022 3568; x_wconf 77' lang='lat' dir='ltr'><strong>quod</strong></span> <span class='ocrx_word' id='word_1_194' title='bbox 1067 3431 1191 3511; x_wconf 90' lang='lat' dir='ltr'><strong>illa</strong></span> <span class='ocrx_word' id='word_1_195' title='bbox 1255 3441 1484 3515; x_wconf 86' lang='lat' dir='ltr'><strong>verba</strong></span> <span class='ocrx_word' id='word_1_196' title='bbox 1535 3439 1828 3517; x_wconf 82' lang='lat' dir='ltr'><strong>fuerant</strong></span> <span class='ocrx_word' id='word_1_197' title='bbox 1870 3440 2071 3517; x_wconf 63' lang='lat' dir='ltr'><strong>dista</strong></span> 
     </span>
     <span class='ocr_line' id='line_1_28' title="bbox 41 3551 2069 3655; baseline 0.002 -24"><span class='ocrx_word' id='word_1_198' title='bbox 41 3557 328 3641; x_wconf 67' lang='lat' dir='ltr'><strong>Propter</strong></span> <span class='ocrx_word' id='word_1_199' title='bbox 362 3551 986 3649; x_wconf 80' lang='lat' dir='ltr'><strong>Bafilean1‚quia</strong></span> <span class='ocrx_word' id='word_1_200' title='bbox 1030 3552 1271 3630; x_wconf 88' lang='lat' dir='ltr'><strong>Patres</strong></span> <span class='ocrx_word' id='word_1_201' title='bbox 1321 3557 1410 3631; x_wconf 83' lang='lat' dir='ltr'><strong>de</strong></span> <span class='ocrx_word' id='word_1_202' title='bbox 1444 3557 1770 3633; x_wconf 86' lang='lat' dir='ltr'><strong>Concilio</strong></span> <span class='ocrx_word' id='word_1_203' title='bbox 1818 3559 2069 3655; x_wconf 78' lang='lat' dir='ltr'><strong>cupie-</strong></span> 
     </span>
     <span class='ocr_line' id='line_1_29' title="bbox 46 3655 2070 3779; baseline 0.013 -50"><span class='ocrx_word' id='word_1_204' title='bbox 46 3655 201 3737; x_wconf 83' lang='lat' dir='ltr'><strong>bant</strong></span> <span class='ocrx_word' id='word_1_205' title='bbox 240 3675 435 3764; x_wconf 90' lang='lat' dir='ltr'><strong>quod</strong></span> <span class='ocrx_word' id='word_1_206' title='bbox 478 3672 881 3748; x_wconf 85' lang='lat' dir='ltr'><strong>Concilium</strong></span> <span class='ocrx_word' id='word_1_207' title='bbox 927 3677 1464 3753; x_wconf 79' lang='lat' dir='ltr'><strong>oecumenicum</strong></span> <span class='ocrx_word' id='word_1_208' title='bbox 1504 3678 1777 3755; x_wconf 79' lang='lat' dir='ltr'><strong>fieret</strong></span> <span class='ocrx_word' id='word_1_209' title='bbox 1751 3703 1826 3756; x_wconf 88' lang='lat' dir='ltr'><strong>m</strong></span> <span class='ocrx_word' id='word_1_210' title='bbox 1877 3680 2070 3779; x_wconf 82' lang='lat' dir='ltr'><strong>Bafi</strong></span> 
     </span>
    </p>

    <p class='ocr_par' dir='ltr' id='par_1_12' title="bbox 48 3776 2070 3878">
     <span class='ocr_line' id='line_1_30' title="bbox 48 3776 2070 3878; baseline 0.009 -17"><span class='ocrx_word' id='word_1_211' title='bbox 48 3776 188 3877; x_wconf 71' lang='lat' dir='ltr'><strong>lea,</strong></span> <span class='ocrx_word' id='word_1_212' title='bbox 233 3788 352 3868; x_wconf 84' lang='lat' dir='ltr'><strong>sed</strong></span> <span class='ocrx_word' id='word_1_213' title='bbox 399 3796 811 3871; x_wconf 85' lang='lat' dir='ltr'><strong>oratoribus</strong></span> <span class='ocrx_word' id='word_1_214' title='bbox 854 3795 1255 3871; x_wconf 83' lang='lat' dir='ltr'><strong>Grecmum</strong></span> <span class='ocrx_word' id='word_1_215' title='bbox 1315 3800 1724 3876; x_wconf 83' lang='lat' dir='ltr'><strong>nolentibus</strong></span> <span class='ocrx_word' id='word_1_216' title='bbox 1775 3798 2070 3878; x_wconf 86' lang='lat' dir='ltr'><strong>consen-</strong></span> 
     </span>
    </p>

    <p class='ocr_par' dir='ltr' id='par_1_13' title="bbox 50 3895 2070 4018">
     <span class='ocr_line' id='line_1_31' title="bbox 50 3895 2070 4018; baseline 0.005 -34"><span class='ocrx_word' id='word_1_217' title='bbox 50 3895 209 3998; x_wconf 52' lang='lat' dir='ltr'><strong>tire,</strong></span> <span class='ocrx_word' id='word_1_218' title='bbox 256 3911 595 3992; x_wconf 80' lang='lat' dir='ltr'><strong>dixerunt</strong></span> <span class='ocrx_word' id='word_1_219' title='bbox 638 3914 960 4018; x_wconf 86' lang='lat' dir='ltr'><strong>deputati</strong></span> <span class='ocrx_word' id='word_1_220' title='bbox 1001 3915 1348 4013; x_wconf 74' lang='lat' dir='ltr'><strong>Concilij,</strong></span> <span class='ocrx_word' id='word_1_221' title='bbox 1401 3922 1597 4016; x_wconf 88' lang='lat' dir='ltr'><strong>quod</strong></span> <span class='ocrx_word' id='word_1_222' title='bbox 1627 3935 1931 4015; x_wconf 86' lang='lat' dir='ltr'><strong>propter</strong></span> <span class='ocrx_word' id='word_1_223' title='bbox 1963 3921 2070 3993; x_wconf 88' lang='lat' dir='ltr'><strong>lo-</strong></span> 
     </span>
    </p>

    <p class='ocr_par' dir='ltr' id='par_1_14' title="bbox 54 4027 2072 4142">
     <span class='ocr_line' id='line_1_32' title="bbox 54 4027 2072 4142; baseline 0.013 -56"><span class='ocrx_word' id='word_1_224' title='bbox 54 4027 196 4099; x_wconf 79' lang='lat' dir='ltr'><strong>eum</strong></span> <span class='ocrx_word' id='word_1_225' title='bbox 225 4052 367 4108; x_wconf 88' lang='lat' dir='ltr'><strong>non</strong></span> <span class='ocrx_word' id='word_1_226' title='bbox 401 4035 711 4113; x_wconf 81' lang='lat' dir='ltr'><strong>debebat</strong></span> <span class='ocrx_word' id='word_1_227' title='bbox 750 4045 1029 4142; x_wconf 73' lang='lat' dir='ltr'><strong>tantum</strong></span> <span class='ocrx_word' id='word_1_228' title='bbox 1082 4034 1353 4114; x_wconf 87' lang='lat' dir='ltr'><strong>bonum</strong></span> <span class='ocrx_word' id='word_1_229' title='bbox 1400 4038 1710 4135; x_wconf 81' lang='lat' dir='ltr'><strong>dimitti,</strong></span> <span class='ocrx_word' id='word_1_230' title='bbox 1735 4095 1751 4107; x_wconf 90' lang='lat'><strong>.</strong></span> <span class='ocrx_word' id='word_1_231' title='bbox 1778 4038 1846 4112; x_wconf 71' lang='grc' dir='ltr'><strong>δι</strong></span> <span class='ocrx_word' id='word_1_232' title='bbox 1899 4057 2072 4142; x_wconf 68' lang='lat' dir='ltr'><strong>con·</strong></span> 
     </span>
    </p>
   </div>
   <div class='ocr_carea' id='block_1_12' title="bbox 1058 4160 1974 4272">
    <p class='ocr_par' dir='ltr' id='par_1_15' title="bbox 1058 4160 1974 4272">
     <span class='ocr_line' id='line_1_33' title="bbox 1058 4160 1974 4272; baseline -0.009 -24"><span class='ocrx_word' id='word_1_233' title='bbox 1058 4160 1136 4272; x_wconf 78' lang='lat' dir='ltr'>Q</span> <span class='ocrx_word' id='word_1_234' title='bbox 1177 4177 1213 4247; x_wconf 84' lang='lat'>3</span> <span class='ocrx_word' id='word_1_235' title='bbox 1314 4161 1330 4167; x_wconf 69' lang='grc'><em>’</em></span> <span class='ocrx_word' id='word_1_236' title='bbox 1568 4173 1573 4180; x_wconf 88' lang='grc'><strong>’</strong></span> <span class='ocrx_word' id='word_1_237' title='bbox 1756 4185 1974 4240; x_wconf 74' lang='lat' dir='ltr'><strong>vene·</strong></span> 
     </span>
    </p>
   </div>
  </div>
 </body>
</html>
