2617 4617
935 304 1476 384 m
1980 325 2129 405 227

365 497 492 577 He
529 496 771 576 autem
820 471 1019 579 XVI.
1077 498 1395 584 rationes
1444 495 1890 606 preallegate
1939 459 2233 596 presan·

118 629 351 694 vant
409 616 787 695 clariffime
835 615 1118 695 sacrum
1171 616 1581 695 Concilium
1624 614 1969 696 adversus
2023 619 2230 699 illam

119 729 589 826 pretensam
620 732 1168 810 translati-onem
1194 731 1687 838 vigoreillins
1721 735 1938 833 parvi
1971 738 2227 814 decre-

124 852 194 926 ti
241 868 344 926 nt
383 853 632 932 dicunt
671 850 1068 955 adversarij
1110 852 1406 940 factam.
1506 852 1724 931 Nunc
1766 851 1859 931 X.
1902 854 2221 935 rationes

128 967 552 1067 subjiciam
582 975 676 1049 ad
710 971 1191 1052 defensionem
1225 971 1443 1071 ipsius
1483 969 1666 1051 sacri
1704 972 2006 1072 Concilij
2048 1000 2223 1056 con„
2336 997 2348 1016 ⁸
2465 997 2472 1004 ·

87 1106 270 1208 ,tra
308 1091 541 1170 aliam
570 1091 976 1190 preteniam
1009 1089 1586 1190 dissolutionem,
1646 1091 1767 1174 seu
1809 1099 2227 1177 translatio-

128 1231 334 1285 nem
399 1229 538 1304 per
594 1211 866 1287 dicium
929 1213 1290 1309 quondam
1326 1209 1712 1302 Eugenium
1774 1212 1864 1286 de
1906 1215 2225 1310 plenitu-

134 1324 335 1400 dine
387 1320 514 1399 sue
562 1325 930 1422 potestatis
965 1378 989 1415 ,
1053 1338 1137 1402 ut
1190 1323 1514 1417 dicebat,
1572 1320 1886 1419 factam,
1936 1327 2027 1401 de
2076 1350 2224 1426 qua

132 1441 328 1519 satis
371 1441 591 1542 supra
631 1446 905 1522 dictum
943 1444 1087 1520 fuit
1129 1446 1204 1520 in
1238 1431 1440 1521 casus
1466 1443 1926 1540 narratione,
1976 1445 2045 1520 ἅ
2075 1469 2218 1545 pro

35 1629 38 1634 ,
134 1557 551 1638 intellectu
608 1559 1078 1635 dicendorum
1138 1551 1469 1633 recenseo
1545 1556 1621 1631 in
1687 1553 2220 1654 presentiarum
2310 1603 2319 1614 =

143 1680 368 1773 quod
401 1675 555 1756 dix'i
587 1679 660 1782 in
690 1680 1106 1755 narratione
1148 1676 1369 1774 facti,
1421 1673 1616 1774 quod
1653 1681 2013 1772 quondam
2062 1682 2218 1756 Eu·

138 1794 406 1882 genius
432 1815 565 1892 per
595 1792 874 1890 sacrum
918 1792 1324 1872 Concilium
1378 1788 1750 1867 Basiliense
1789 1793 2005 1894 longe
2043 1813 2217 1876 ante

144 1904 578 1990 Grecorum
604 1907 1000 1981 adventum
1037 1903 1295 1981 citatus
1339 1916 1424 1975 ut
1468 1898 1758 1975 veniret
1792 1922 1928 1996 per
1974 1898 2045 1977 se
2090 1906 2219 1988 vel

131 2023 387 2102 alium
441 2025 538 2099 ad
581 2020 1069 2100 excusandum
1144 2018 1215 2095 δι’
1278 2015 1809 2095 defendendum
1867 2014 1939 2091 se
1991 2015 2214 2115 super

138 2140 412 2219 multis
443 2137 519 2216 in
551 2138 889 2218 citatione
924 2132 1307 2233 ex‘preffis,
1375 2152 1529 2230 que
1559 2128 1847 2205 notorie
1895 2127 2026 2208 fibi
2072 2135 2212 2210 irn-
2274 2123 2281 2134 ’

147 2256 702 2361 pingebantur,
753 2276 891 2354 pro
932 2249 1363 2332 obedientia
1396 2253 1607 2346 qnam
1643 2246 1962 2345 prestare
1995 2246 2212 2339 debe-‚-

145 2383 330 2478 bat,
385 2377 534 2484 ipah
564 2399 702 2477 per
736 2375 897 2453 suas
932 2375 1207 2458 litteras
1240 2367 1556 2455 dissolvit
1587 2362 1990 2444 Concilium
2020 2364 2211 2442 Basi-

146 2497 382 2579 liense
419 2493 919 2575 musfa-endo
949 2491 1131 2568 illud
1171 2489 1264 2563 ad
1296 2479 1734 2565 Ferrariam,
1805 2500 1897 2554 ex
1942 2492 2114 2558 tunc
2151 2477 2210 2560 si

153 2618 452 2698 sacrum
484 2610 889 2689 Concilium
922 2605 1355 2705 procederet
1402 2601 1498 2678 ad
1544 2594 1900 2673 ulteriora
1951 2609 2209 2678 contra

149 2755 325 2812 eum
355 2705 827 2824 {telaliquem
873 2744 964 2799 ex
1003 2718 1142 2797 suis
1184 2710 1708 2814 presidentibus
1759 2708 1829 2786 δι
1875 2709 2204 2788 Concilio
2318 2719 2333 2726 ‘

150 2871 305 2927 non
355 2843 722 2924 desistente
741 2890 766 2937 .,
815 2855 899 2916 ut
928 2835 1252 2920 desistere
1280 2851 1424 2910 non
1455 2825 1747 2921 debuit,
1795 2821 1944 2922 ipse
1972 2847 2205 2924 quon-

156 2967 340 3042 dam·
381 2957 731 3053 Eugenius
783 2952 1222 3046 declaravit,
1282 2944 1737 3044 purificatam
1800 2937 1964 3018 effe·
2001 2941 2205 3022 illam

155 3061 644 3158 conditionem
670 3123 698 3164 ·,
739 3070 813 3148 ἀ
838 3068 933 3146 fic
952 3064 1355 3146 Concilium
1372 3055 1745 3138 Bafiliense
1774 3056 1935 3134 fore
1966 3072 2203 3138 trans·

157 3194 396 3268 latum
425 3190 516 3264 ad
535 3180 1018 3272 Ferrariam&
1048 3179 1142 3255 fic
1171 3177 1431 3276 vigore
1463 3170 1583 3248 sue
1611 3167 1939 3270 pretense
1973 3183 2203 3246 trans-

156 3307 448 3386 lationis
461 3319 632 3380 ante
648 3301 1050 3378 Grecorum
1073 3295 1307 3370 adven
1318 3306 1470 3380 tum
1498 3285 1675 3364 fecit
1696 3284 1967 3361 ibidem
1989 3281 2203 3384 suum

28 3413 36 3422 ’
157 3414 571 3518 pretensum
592 3412 994 3510 Concilium
1028 3402 1392 3492 inchoari,
1431 3401 1499 3475 ἃ
1525 3399 1663 3474 hec
1689 3397 1785 3471 est
1812 3397 1937 3472 illa
1965 3403 2201 3475 trans·-

158 3534 338 3612 latio
391 3528 516 3607 seu
565 3525 967 3619 dissolutio,
1034 3522 1120 3597 de
1171 3539 1314 3617 qua
1369 3535 1559 3593 nunc
1616 3510 1899 3609 agimus
1926 3560 1951 3598 a
2004 3512 2203 3608 quod

159 3659 407 3722 autem
441 3644 569 3720 ista
610 3662 755 3718 non
790 3633 1145 3728 valuerit,
1194 3625 1526 3728 probabo
1578 3645 1669 3698 ex
1710 3619 2199 3726 efficaciflimis

166 3756 565 3834 rationibus
591 3741 628 3852 ,’
663 3754 732 3834 ἀ
764 3748 1218 3849 postmodum
1254 3734 1705 3836 respondebo
1732 3734 1819 3808 ad
1848 3732 1953 3810 IX
1986 3733 2203 3809 moti-

165 3890 263 3946 va
276 3870 856 3948 adversariorum
879 3920 904 3961 ,
948 3864 1042 3942 ad
1072 3858 1355 3953 reliqua
1373 3871 1609 3928 autem
1634 3869 1889 3926 eorum
1922 3848 2203 3923 motiva

164 3976 531 4124 fuitsupra
563 3977 979 4084 responsum
1011 3977 1083 4053 in
1099 3970 1359 4160 prii'nz
1364 3960 1695 4041 membro
1726 3956 1939 4055 hujus
1969 3951 2198 4146 dssbij.
