2617 4617
293 137 362 194 ιι
402 110 689 216 quibus
720 110 1202 217 indigniflime
1235 107 1757 211 opprimuntur
1790 105 1945 206 illi,
2015 106 2402 211 presertim

301 241 840 336 Christianos,
886 236 1264 334 nobiscum
1280 259 1420 337 pro
1456 235 1738 315 viribus
1780 223 2036 317 vestris
2069 239 2399 322 animum

295 364 737 444 intendatis
776 362 923 462 jam
968 363 1170 441 enim
1191 363 1387 442 Deo
1378 361 1820 468 inspirante,
1880 364 2403 463 terrestresque

295 490 589 588 copias
641 486 986 587 proximo
1026 505 1205 564 vere
1238 505 1521 583 parare
1530 484 1969 566 intendimus
2000 486 2400 586 sperantes,

285 617 537 717 quod
580 616 724 716 qui
737 613 935 712 cepit
975 616 1051 692 in
1080 609 1296 691 nobis
1338 621 1529 709 op'us
1556 607 1829 689 bonum
1868 607 2020 709 ipse
2063 612 2402 718 perficiet

295 751 415 809 ac
460 750 607 830 per
634 729 1057 827 huiusmodi
1084 725 1320 804 studia
1364 726 1608 802 nostra
1646 749 1693 806 a
1736 727 1931 830 jugo
1940 725 2390 806 miserabilis

294 848 706 938 servitutis
728 847 1192 928 catholicum
1215 847 1537 949 Gregem
1558 847 1921 944 propitius
1954 847 2393 949 acbenigni·

221 971 224 976 ’
292 988 408 1047 us
460 967 774 1065 eripiet,
844 966 1271 1048 confidimus
1320 982 1568 1046 autem
1616 969 1995 1070 negotium
2040 968 2391 1049 facillime

296 1087 872 1188 feliciffimeque
912 1085 1394 1165 succeffurum
1427 1105 1564 1183 per
1612 1087 2192 1168 Christianorum
2221 1088 2390 1169 Pre-

300 1206 654 1284 latorum
685 1205 1105 1310 Principum
1142 1202 1212 1279 δι
1259 1203 1576 1280 aliorum
1629 1202 2218 1305 fidelium-opem
2275 1222 2391 1286 at-

305 1343 838 1427 quesoperam.
959 1314 1463 1431 Accingimini
1509 1324 1757 1423 itaque
1787 1323 2051 1402 <lile-sti
2093 1325 2241 1426 filij,
2267 1308 2389 1405 arss

307 1449 677 1547 dentique
725 1441 967 1525 animo
1034 1442 1454 1525 concurrite
1498 1445 1592 1521 ad
1639 1443 1776 1525 hec
1822 1446 2051 1524 studia
2094 1446 2387 1546 pietatis

309 1588 420 1645 ex
463 1563 784 1668 quibus
759 1587 834 1643 ιιι
879 1563 1028 1643 hoc
1083 1557 1326 1642 seculo
1375 1565 1692 1666 gloriam
1745 1563 2266 1704 consequimini
2315 1568 2389 1644 δε

308 1692 395 1772 in
429 1691 689 1770 futuro
720 1713 885 1769 cum
915 1688 1053 1791 pijs
1097 1687 1579 1785 fidelibusque
1601 1735 1627 1781 ,
1678 1685 1803 1784 qui
1864 1685 1957 1763 ab
1990 1684 2199 1761 initio
2226 1687 2387 1786 pla·

315 1828 642 1899 cuerunt
686 1811 851 1892 Deo
886 1864 912 1910 .,
984 1810 1340 1891 conscribi
1371 1799 1858 1887 merebimini.
1972 1804 2126 1884 Nos
2187 1810 2387 1888 enim

320 1958 580 2013 omnes
620 1955 758 2032 per
801 1935 978 2012 alias
1027 1934 1300 2011 nostras
1354 1929 1632 2006 litteras
1694 1927 1765 2002 δι
1801 1921 2111 2004 nuntios
2135 1928 2384 2023 requi

233 2037 264 2074 ι
317 2085 628 2146 remuS.
706 2058 981 2138 Datum
1014 2056 1381 2135 Florentia
1398 2055 1621 2133 Anno
1672 2045 2190 2140 lucarnationis
2223 2053 2382 2130 Do-

313 2171 591 2267 minice
629 2181 777 2259 ·⁰M
781 2177 1380 2263 ccc⁰xxxlx0.
1445 2177 1641 2259 Non.
1683 2172 1861 2276 Julij
1914 2168 2378 2256 Pontificatus

313 2311 554 2397 nostri
581 2329 773 2397 anno
853 2365 870 2377 .

315 2501 762 2565 Oe·—

1396 2383 1405 2392 .

1262 2411 1273 2424 ,
1492 2411 1499 2416 ,

977 2435 986 2444 ,

1098 2457 2379 2562 Qffiffl-z--sssso

2168 2487 2174 2494 .

2095 2557 2103 2569 Ι

917 2592 927 2599 .
1622 2587 1631 2596 .

1832 2617 1841 2628 Ι

1908 2647 1943 2660 ιι
2056 2649 2089 2664 0,

1109 2608 1483 2796 VIII.

217 2923 220 2958 ι
325 2870 963 2990 PRINCIPVM
1007 2861 1747 2971 ELECTORVM
1806 2861 1887 2951 S.
1936 2862 2036 2955 R.
2079 2861 2140 2951 1.
2191 2864 2382 2954 ΑΡ..

320 3008 818 3094 FELLATIO
868 3007 944 3081 A
993 2995 1473 3082 DECRETIS
1522 2987 1833 3074 INTER
1885 2991 2386 3078 SYNODVM

460 3118 1142 3214 BASILEENSEM
1195 3115 1323 3190 ET
1370 3107 1907 3188 EVGENIVM
1956 3107 2082 3185 1V.
2132 3108 2259 3204 PP,

216 3245 221 3352 l
709 3233 1002 3316 LATls
1051 3230 1235 3322 sav
1281 3225 1758 3306 FEREans
1813 3223 1947 3299 oze.

217 3359 220 3370 ’
507 3394 586 3456 os
615 3373 751 3452 ἃς.
791 3372 990 3451 Sacri
1021 3368 1337 3448 Romani
1367 3366 1663 3467 Imperij
1698 3362 2056 3462 principes
2089 3358 2379 3438 Electa.

217 3531 218 3558 ι
322 3380 496 3584 N
563 3521 682 3576 res
717 3518 963 3574 coram
999 3475 1541 3572 venerabilibus
1587 3492 1766 3566 viris
1798 3482 2096 3580 notarijs
2148 3486 2217 3559 ἁ
2276 3503 2382 3559 ιε-

329 3616 552 3716 stibus
570 3617 691 3694 hic
705 3612 1160 3713 presentibus
1192 3610 1668 3710 proponimus
1690 3608 1758 3681 ἅ
1780 3603 2082 3680 dicimus
2105 3647 2131 3692 ,
2164 3600 2381 3697 ῃιιοά

436 3737 649 3817 Tmn.‘
681 3733 887 3812 VIII.
1051 3741 1092 3834 ’ῤ’
1436 3726 1491 3806 F
2088 3718 2282 3791 licet
