2617 4617
885 301 1425 413 §lm
1933 316 2073 420 231·

32 506 510 603 greg-atum
544 490 930 596 dissolvere
966 495 1090 571 vel
1118 490 1520 572 transferre
1540 544 1567 590 ‚
1619 489 1793 572 efflet
1814 489 2176 568 annihila·

34 635 139 696 ta
193 618 357 694 illa
388 616 824 695 constitutio.
894 615 1078 693 Item
1112 613 1475 694 dissolutio
1513 616 1612 693 est
1644 610 1970 712 expresse
1998 633 2174 702 con-

35 757 209 817 ·tra
249 743 652 836 decretum
666 736 970 834 Concilij
993 737 1383 816 Basiliensis
1413 738 1488 814 in
1516 738 1639 818 Xl.
1675 732 1825 812 sess.
1854 731 2176 854 factum,

38 860 219 935 ubi
249 854 596 954 expreffe
620 872 961 941 cavetur,
989 860 1206 954 ‘quod
1243 881 1380 958 per
1411 878 1916 954 quemcunque
1949 854 2177 930 etiam

47 970 387 1068 Papam
427 989 577 1045 non
616 964 829 1063 poffit
860 968 1268 1045 Concilium
1319 965 1619 1045 dissolvi·
1661 967 1806 1045 sine
1869 963 1997 1041 suo
2043 983 2173 1038 ex·

46 1078 353 1180 preffo
387 1076 763 1172 consensu,
815 1102 949 1157 nec
987 1096 1279 1178 poterat
1308 1080 1498 1177 Papa
1536 1080 1642 1157 uti
1677 1082 1753 1157 in
1792 1081 1919 1156 illa
1957 1073 2172 1153 diffo-
2285 1167 2289 1171 ‚

54 1197 395 1274 lutione
426 1195 877 1303 plenitudine
907 1195 1274 1292 potestatis
1293 1247 1321 1290 .‚
1368 1219 1536 1272 nam
1570 1195 1784 1274 unica
1808 1197 1906 1307 esi
1926 1192 2175 1269 Eccle-

61 1312 182 1391 fie
228 1312 560 1410 potestas
600 1312 671 1386 ἀ
701 1332 846 1388 non
881 1312 1174 1407 plurem,
1226 1310 1393 1387 data
1444 1332 1580 1407 per
1622 1309 1989 1387 Christum
2037 1302 2176 1402 ipsi
2212 1357 2213 1362 Ν

60 1422 426 1504 Ecclesie
458 1438 798 1524 tanquam
845 1423 919 1499 in
961 1420 1436 1498 fundamento
1484 1421 1813 1502 XXIIII·
1858 1446 1923 1523 q.
1970 1444 2032 1496 1.
2068 1419 2173 1500 ,lo-
2312 1511 2316 1522 ,

71 1538 358 1643 quitur
409 1535 482 1612 85
524 1561 579 1611 c.
641 1534 959 1612 omnibus.
1000 1531 1074 1614 Εἰ
1124 1558 1179 1609 c.
1228 1533 1618 1636 quicunque.
1644 1557 1827 1612 cum
1871 1554 2048 1636 ergo
2094 1530 2176 1609 in

70 1650 447 1729 Concilio
499 1645 1042 1746 representante
1097 1645 1484 1724 Ecclesiam
1542 1639 2029 1725 universalem
2085 1639 2175 1721 sit

76 1767 494 1869 plenitudo
534 1765 947 1864 potestatis,
990 1783 1136 1839 non
1176 1761 1420 1859 potuit
1447 1759 1599 1859 ipse
1630 1766 1993 1861 quondam
2024 1763 2177 1856 Eu·

83 1882 400 1977 genius,
448 1882 619 1958 licet
660 1880 747 1956 sit
788 1878 1204 1975 Principalis
1245 1879 1568 1958 minister
1610 1881 1686 1955 in
1738 1876 2049 1958 Ecclesia
2100 1873 2177 1955 ἀ

81 1993 190 2073 de
237 2016 562 2092 corpore
602 1990 907 2070 Ecclesie
943 1992 1051 2067 uti
1088 1991 1538 2090 plenitudine
1579 1991 1948 2090 potestatis
2000 2011 2176 2069 con-

89 2125 223 2184 tra
269 2123 505 2183 totam
531 2105 920 2184 Ecclesiam
969 2107 1044 2183 in
1098 2130 1240 2205 qua
1287 2108 1386 2183 est
1429 2108 1982 2187 fundamentum
2017 2105 2176 2197 ple-

88 2223 458 2302 nitudinis
517 2223 935 2322 potestatis,
1008 2223 1180 2322 quia
1226 2225 1647 2321 videretur,
1719 2224 1916 2322 quod
1949 2219 2178 2300 essent

97 2346 254 2421 due
291 2344 677 2443 potestates
718 2343 791 2419 in
822 2343 1177 2439 Ecclesia,
1250 2350 1447 2445 quod
1494 2345 1780 2446 saperet
1831 2342 2167 2450 heresim..

100 2484 285 2540 nam
317 2477 401 2540 ut
447 2449 671 2558 supra
718 2461 910 2554 dixi,
963 2463 1120 2558 post
1154 2445 1605 2566 cyprianum
1631 2461 1944 2543 Ecclesia
1968 2462 2176 2560 equi-

101 2595 469 2678 paratur‚
537 2576 666 2654 soli
731 2579 985 2655 arbori
1041 2580 1113 2657 δι
1165 2581 1377 2660 fonti.
1437 2577 1583 2684 alij‘
1622 2607 1805 2662 vero
1863 2569 2177 2660 ministri

109 2694 580 2793 quotquot&
619 2697 864 2792 quales
896 2692 1031 2770 sint
1076 2700 1613 2796 equiparantur·
1659 2696 1878 2796 radijs
1920 2687 2179 2773 solari-

103 2805 251 2883 bus
289 2808 361 2883 ἃ
391 2809 610 2885 ramis
650 2806 934 2884 arboris
969 2804 1038 2882 δι
1070 2810 1332 2893 rivulis
1364 2809 1584 2890 fontis
1602 2847 1634 2904 ,·
1685 2797 1887 2922 unde·
1910 2810 1965 2888 ss
2004 2801 2180 2907 pre'-

108 2923 467 3005 scinditur
497 2927 782 3005 rivulus
811 2947 856 3002 a
886 2923 1131 3028 fonte,
1177 2926 1478 3024 arescit,
1555 2955 1690 3011 nec
1733 2929 2178 3035 gloriabitur

113 3073 365 3131 ramus
409 3069 661 3131 contra
689 3055 1080 3152 arborem,
1145 3077 1280 3140 nec
1322 3059 1566 3135 radius
1611 3053 1862 3136 solaris
1916 3067 2178 3131 contra

115 3165 370 3243 lumen
399 3163 610 3258 solis,
669 3185 811 3244 ‘nec
858 3169 1146 3247 rivulus
1205 3169 1803 3247 contra'fontem.
1838 3165 2170 3242 ΧᾹἸΠῙ.

119 3307 182 3384 q.
224 3311 289 3363 1.
353 3288 704 3384 loquitur.
756 3289 929 3367 hinc
986 3289 1168 3364 dixit
1215 3291 1631 3383 Jeronimus
1698 3289 2173 3389 intelligendo

121 3406 207 3481 de
256 3408 690 3486 auetoritate
746 3407 807 3496 i>
857 3395 1220 3504 Ecclefie3
1302 3414 1500 3512 quod
1544 3412 1742 3488 orbis
1792 3411 1891 3485 est
1944 3406 2181 3499 majon

121 3521 329 3600 urbe.
357 3522 432 3598 in
460 3547 517 3617 ef.
555 3523 836 3615 legimus
862 3527 1134 3610 XCIII.
1175 3523 1272 3601 cli.
1380 3527 1537 3603 Nec
1575 3539 1869 3623 oportet
1899 3522 2008 3599 ire
2042 3543 2180 3619 per

33 3631 36 3636 ’
124 3645 523 3734 mendicata
549 3641 891 3745 suffragia
917 3698 940 3737 ,
984 3668 1152 3721 cum
1189 3630 1338 3741 ipse
1376 3644 1701 3721 Christus
1732 3642 2168 3740 capitaneus

132 3757 360 3837 ndster
388 3773 645 3857 aperto
690 3779 816 3834 ore
854 3760 1086 3851 dixit,
1132 3766 1421 3844 nemine
1455 3777 1759 3856 excepto
1792 3810 1816 3857 ,
1873 3757 1993 3853 qui
2030 3779 2177 3834 non

35 3901 36 3906 Ν
131 3867 482 3950 obedierit
507 3869 884 3966 Ecclesie‚‘
917 3870 1003 3948 sit
1039 3873 1171 3947 tibi
1213 3871 1389 3953 sicut
1423 3872 1768 3952 Ethnicus
1826 3872 1896 3945 ἀ
1940 3869 2182 3954 Publi-

1113 3985 1163 4062 P
1212 4009 1264 4081 4
1830 4001 2090 4075 caum,

230 4104 299 4196 i)
347 4101 727 4180 audieritatc
774 4104 1082 4207 Concilij.
1158 4134 1165 4144 ·
1658 4101 1663 4114 '
