2617 4617
817 311 1362 378 Um
1866 332 2001 408 131

18 504 210 583 stea
252 523 597 607 magnum
648 522 827 583 onus
861 503 936 580 ἀ
984 504 1259 607 grande
1303 500 1785 605 prejudicium
1831 527 1923 581 ex
1962 504 2104 597 hoe

23 619 568 697 communitati
603 620 730 716 ipfi
764 621 1190 714 imminere,
1239 620 1484 697 statuit
1526 622 1772 719 postea
1816 637 2108 698 contra·

19 737 263 815 rium
303 737 370 831 e)
426 751 512 812 ut
553 758 597 810 a
642 735 1158 814 communitate
1223 738 1536 834 dampna
1578 734 1728 834 ipsa
1772 735 1925 831 peti
1956 757 2107 813 non

23 846 394 951 peffent,
443 850 511 925 tiz
549 849 960 947 hujusmodi
992 853 1438 931 contrarium
1482 852 1824 931 statutum
1873 850 2110 929 valuit

29 967 457 1047 secundum
493 968 992 1047 Innocentium
1011 1021 1037 1063 ,
1089 971 1257 1067 quia
1286 992 1669 1049 commune
1694 966 1930 1067 ipsum
1958 988 2113 1046 non

37 1111 230 1171 erat
260 1090 691 1166 naturaliter
734 1062 838 1167 a‘d·
874 1088 1025 1187 ipsa
1073 1091 1383 1187 dampna
1433 1088 1885 1169 resarcienda
1924 1085 2113 1162 obli-

41 1220 326 1306 gatum
348 1252 374 1294 ,
420 1204 612 1279 unde
645 1200 987 1298 ficutper
1028 1200 1367 1277 statutum
1403 1202 1649 1300 potuit
1683 1198 1753 1276 se
1786 1200 1878 1273 ad
1908 1197 2115 1277 illam

47 1323 588 1424 obligationem
637 1323 980 1400 inducere
1008 1322 1112 1398 ita
1150 1321 1220 1398 ἃ
1275 1344 1411 1421 per
1441 1326 1781 1421 statutum
1824 1330 2115 1397 contra·

44 1441 265 1518 rium
301 1437 541 1536 potuit
566 1438 767 1514 illam
803 1436 1325 1537 obligationem
1356 1438 1642 1518 solvere
1685 1437 1758 1512 Sc
1804 1442 2110 1539 tollere,

53 1558 249 1659 quia
297 1556 524 1634 omnis
580 1578 700 1634 res
764 1550 902 1649 pe'r
953 1566 1416 1657 quascun‘que
1460 1561 1702 1637 causas
1739 1559 2057 1637 nascitur
2082 1598 2139 1653 ς

53 1697 213 1779 per
242 1676 527 1751 easdem
557 1672 624 1747 ἀ
669 1669 1076 1750 dissolvitur
1105 1689 1187 1748 ut
1231 1675 1305 1750 in
1347 1698 1493 1769 reg.
1548 1699 1611 1754 ι.
1656 1680 1740 1752 de
1778 1697 1924 1764 reg.
1954 1672 2114 1766 jur·
2148 1736 2153 1747 ,

61 1805 146 1881 δε
185 1807 310 1880 lex
343 1791 586 1877 'civilis
624 1794 796 1871 dicit
820 1844 847 1884 s
892 1795 1086 1890 quod
1131 1795 1314 1872 nihil
1347 1813 1497 1873 tam
1524 1800 1858 1875 naturale
1898 1816 2117 1897 quam

67 1921 279 2022 quod
320 1913 891 2011 unumquodque
944 1908 1273 1990 solvatur
1306 1935 1394 1990 eo
1443 1915 1776 2000 vinculo,
1839 1936 1985 2012 quo
2028 1913 2117 1990 li-

71 2052 336 2141 gatum
380 2036 497 2114 est.
541 2049 625 2108 ut
668 2033 745 2110 in
789 2032 835 2103 l·.
881 2030 1055 2106 nihil
1092 2046 1234 2107 tam
1276 2035 1593 2110 nammale
1623 2031 1712 2129 ff.
1773 2034 1855 2106 de
1895 2033 1986 2108 R.
2025 2033 2119 2133 J..

77 2162 153 2238 ἃ
189 2159 289 2237 fic
316 2156 772 2259 singulariter
801 2152 1160 2253 probatur
1185 2155 1452 2231 ibidem
1479 2207 1506 2249 ,
1553 2157 1941 2253 quodlicet
1967 2156 2125 2253 pri·

80 2298 291 2355 mum
325 2275 663 2351 statutum
707 2273 1036 2348 tenderet
1091 2271 1165 2346 in
1217 2273 1734 2350 nonnullorum
1786 2269 2126 2352 favorem

78 2399 175 2474 dc
218 2390 723 2480 universitate,
778 2411 870 2466 ex
899 2408 1044 2483 quo
1077 2403 1316 2463 tamen
1358 2410 1521 2462 cum
1568 2388 1710 2466 illis
1754 2410 1900 2463 non
1948 2412 2124 2468 con-

81 2511 353 2604 traxit,
425 2532 558 2586 nec
606 2503 944 2601 proceffit
1003 2504 1246 2600 aliqua
1317 2505 1668 2606 obligatio
1730 2509 2125 2606 naturalis..

82 2628 331 2731 potuit
366 2627 831 2703 nihilominus
875 2619 1298 2697 universitas
1335 2623 1787 2715 postmodum
1819 2620 1907 2720 f)
1953 2648 2126 2703 con-

85 2742 401 2823 trarium
458 2740 766 2814 statuere
825 2734 1042 2811 etiam
1089 2733 1233 2809 fine
1295 2734 1595 2812 illorum
1652 2732 1989 2815 co‘nsensu
2050 2739 2129 2816 in

92 2888 409 2969 quorum
474 2844 806 2937 favorem
865 2858 1108 2957 prima
1195 2854 1554 2952 dispositio
1623 2878 2132 2960 emanaverat,

91 2986 359 3066 fortius
393 3003 572 3088 ergo
610 2979 801 3054 idem
844 2962 917 3054 il'i
957 2973 1117 3053 casu
1158 2977 1398 3052 nostro
1446 2978 1826 3053 dicendum
1854 2978 2002 3073 est,
2051 2978 2130 3053 in

97 3124 244 3204 quo
307 3099 506 3174 nulla
553 3096 904 3196 obligatio
968 3089 1404 3190 precess'erat
1459 3096 1551 3169 ad
1607 3091 2131 3190 disponendum

98 3232 434 3298 contenta
463 3215 536 3290 in
568 3213 693 3287 illa
722 3213 974 3288 cedula
995 3262 1019 3306 .,
1067 3235 1199 3286 nec
1231 3209 1461 3306 ipsum
1495 3200 1901 3319 Concilium
1932 3212 2131 3286 illam

99 3334 382 3415 edendo
414 3353 574 3408 cum
618 3330 861 3425 aliquo
906 3327 1266 3404 contraxit
1314 3349 1448 3403 nec
1492 3325 1564 3402 in
1615 3325 1946 3403 favorem
1999 3325 2136 3402 ali·

102 3465 413 3540 quorum
456 3442 630 3519 fecit
671 3441 795 3518 nist
843 3441 1059 3537 ipsius
1109 3445 1459 3518 duntaxat
1497 3437 1676 3514 sacri
1721 3435 2021 3532 Concilij
2055 3449 2139 3513 ut

104 3559 315 3636 citius
383 3558 508 3633 illa
580 3555 867 3656 negotia
924 3555 1442 3649 expedirentur
1500 3550 1569 3624 δι
1638 3545 2138 3647 presuppofito

108 3674 307 3775 quod
350 3672 958 3769 contemplatione
1009 3672 1464 3770 quorundam
1512 3668 1601 3743 de
1647 3664 1951 3742 concilio
1998 3659 2141 3737 hoc

1708 3858 1717 3889 Ι
1769 3780 2044 3858 fastum

200 3911 278 4006 e)
322 3906 535 3985 omiss.
596 3925 669 3982 ut
712 3935 748 3980 a
830 3918 1304 3984 communitate
1347 3911 1584 3988 damna
1632 3902 1767 4007 ipsa
1820 3914 1955 4009 peti
2003 3933 2145 3986 non

352 4003 645 4105 poffent,
695 4010 763 4080 ἀ
795 4007 1170 4102 hujusmodi
1201 4014 1332 4089 ᾱσ.

194 4101 295 4213 f)
342 4101 554 4183 omifl.
607 4113 1029 4201 eontrarium.
