2617 4617
287 1977 294 1984 ·
405 1923 612 2013 'lium
646 1955 814 2009 cum
853 1933 1098 2031 aliquo
1138 1929 1639 2022 contraxiffet‚
1683 1956 1830 2010 non
1874 1949 2165 2033 poterat
2205 1932 2498 2030 precise

521 301 676 366 200
845 289 860 298 ⁴
1133 290 1721 353 .ma

427 480 672 582 potuit
711 478 912 560 aliud
948 477 1235 576 facere,
1283 499 1504 578 quam
1537 477 1734 576 quod
1765 488 1939 554 tunc
1970 479 2349 557 Dominus
2397 478 2515 560 in·

427 596 778 696 spiravit,
832 595 1258 696 subjicienS,
1328 591 1525 693 quod
1584 593 1639 670 fi
1692 595 1859 673 Rex
1910 591 2119 672 daret
2178 599 2517 676 domum

430 716 648 790 etiam
695 733 873 788 auro
918 710 1340 812 &argento
1385 711 1724 805 plenam,
1773 731 1920 785 non
1966 707 2242 808 peffem
2292 711 2511 786 aliud

431 831 678 911 facere
718 849 935 926 quam
987 832 1183 928 quod
1220 830 1418 907 Deus
1467 825 1769 925 inspirat
1813 827 1881 903 ἀ
1922 828 2150 926 jubet.
2204 830 2284 905 <xc
2326 828 2511 907 facit

438 953 635 1049 quod
668 947 984 1026 habetur
1029 948 1107 1047 ij.
1151 972 1215 1052 q.·
1262 948 1424 1025 m
1463 953 1534 1039 §.
1589 933 1757 1025 cum
1799 950 2111 1025 Balaam.

627 1113 911 1246 Qarta
935 1110 1162 1207 ratio,
1210 1107 1379 1209 quia
1410 1101 1862 1246 regulariter
1913 1110 1988 1188 in
2039 1110 2508 1213 obligatione

363 1301 370 1312 .
436 1251 530 1311 ex
566 1230 884 1327 partium
919 1227 1402 1307 conventione
1428 1228 1584 1325 quis
1618 1229 1708 1304 ad
1739 1228 2015 1305 faCtum
2047 1226 2287 1326 ipsum
2329 1252 2505 1327 pre-

337 1369 354 1392 ·
437 1343 577 1422 cise
608 1344 949 1441 compelli
981 1355 1126 1419 non
1167 1340 1444 1440 potest,
1494 1338 1616 1417 sed
1654 1338 1968 1417 succedit
1999 1342 2362 1438 obligatio
2408 1346 2503 1418 ad

437 1457 797 1538 interesse.
852 1439 1239 1534 secundum
1301 1457 1502 1558 opin.
1560 1456 1632 1533 ξδ’
1667 1456 1777 1532 ηδ’.
1837 1457 1905 1531 δι
1957 1457 2233 1557 legitur
2274 1459 2504 1555 plene

432 1579 753 1657 maxime
785 1597 921 1671 per
953 1576 1127 1651 Bar.
1172 1574 1322 1650 inl.
1339 1574 1797 1682 stipulationes
1823 1597 1977 1652 non.
2016 1575 2108 1672 ff.
2158 1575 2242 1652 ἀὲ
2286 1573 2500 1653 Verb.

441 1698 569 1774 Ob.
604 1696 677 1770 ΕΞ
708 1695 858 1774 inl.
891 1696 958 1798 fi
1004 1687 1151 1801 qu'is
1194 1696 1280 1771 ab
1333 1697 1462 1772 alio
1496 1689 1589 1796 ff.
1643 1702 1724 1774 de
1764 1723 1838 1776 re
1875 1699 2065 1795 judzt
2101 1723 2266 1777 cum
2304 1720 2499 1802 ergo

437 1817 515 1896 in
549 1809 712 1892 casu
743 1812 983 1889 nostro
1033 1803 1291 1916 vigore
1360 1816 1551 1892 illius
1611 1818 1864 1894 cedule
1912 1814 2183 1902 etiamst
2222 1817 2497 1893 Conci-

433 2047 779 2150 compelli
821 2048 1055 2148 ipsum
1100 2050 1506 2127 Concilium
1553 2054 1648 2128 ad
1707 2051 2135 2130 eleetionem
2180 2054 2495 2132 alterius

433 2173 656 2272 loci,
698 2166 1038 2267 quoniam
1081 2169 1183 2243 ad
1235 2170 1757 2271 obligationem
1824 2171 1998 2248 faeti
2058 2171 2497 2251 succedebat

440 2263 797 2371 duntaxat
841 2293 1189 2396 obligatio
1235 2292 1328 2367 ad
1365 2293 1741 2389 interdie,
1780 2271 1841 2372 'ss
1821 2298 2076 2394 iquod
2111 2312 2310 2395 erat,
2363 2322 2490 2375 er·

434 2435 536 2518 go
569 2435 713 2490 non
752 2425 1047 2509 poterat
1084 2412 1326 2489 minor
1376 2434 1544 2511 pars
1590 2413 1894 2512 Concilij
1942 2414 2217 2494 causari
2267 2421 2357 2495 ad
2410 2418 2499 2498 se

321 2599 327 2609 ,
439 2524 579 2603 effe
621 2528 1032 2601 devolutam
1071 2526 1498 2623 potestatem
1531 2526 1843 2630 eligendi
1873 2549 1967 2605 ex
1993 2525 2282 2626 majoris
2310 2554 2491 2630 par·

432 2648 527 2725 tis
561 2648 939 2748 neglectu,
1002 2670 1169 2723 cum
1220 2647 1628 2726 Concilium
1660 2650 1770 2726 'ad
1821 2649 1963 2727 hoc
2010 2648 2281 2746 precise
2333 2677 2491 2735 non
2586 2741 2587 2748 Ν

347 2758 354 2764 “
431 2779 727 2842 tenetur
785 2763 855 2839 ἀ
914 2763 1176 2841 fortius
1223 2766 1363 2860 hoc
1414 2765 1793 2843 dicendum
1847 2768 1920 2843 in
1978 2765 2142 2846 casu
2190 2772 2491 2861 nostro,

429 2883 509 2963 in
554 2906 698 2981 quo
736 2881 1143 2959 Concilium
1181 2906 1347 2962 cum
1379 2886 1666 2994 nemine
1685 2889 2110 2981 contraxit,
2184 2886 2304 2966 sed
2348 2918 2488 2992 per

428 3000 506 3086 se
548 3001 779 3100 ipsum
814 3002 995 3079 illud
1038 3001 1280 3077 statuit
1316 3001 1387 3078 ἅτ
1424 2991 1876 3105 permaxime
1919 3007 2062 3085 hoc
2098 2991 2487 3094 dicendum

435 3124 510 3202 in
549 3124 853 3224 materia
886 3120 1145 3197 nostra.
1182 3121 1562 3222 indignum
1603 3124 1700 3198 est
1736 3125 1928 3201 enim
1952 3126 2234 3221 dicere,
2284 3139 2481 3227 quod

434 3217 842 3319 Concilium
878 3239 1232 3313 Generale
1292 3239 1774 3319 universalem
1810 3240 2191 3322 Ecclesiam
2225 3268 2479 3360 repre-

427 3351 710 3433 sentans
743 3352 1016 3472 precise
1048 3354 1213 3454 cogi
1241 3354 1451 3448 poffit
1490 3358 1583 3436 ad
1616 3356 2023 3436 faciendum
2062 3360 2204 3437 hoc
2239 3366 2354 3439 vel
2390 3366 2477 3442 il·

417 3471 600 3565 lud,
650 3497 817 3549 cum
850 3473 919 3547 in
937 3451 1091 3547 suis
1127 3472 1402 3549 statutis
1440 3475 1748 3554 ducatur
1787 3473 2042 3574 spiritu
2062 3477 2206 3554 Dei
2239 3479 2305 3552 δι
2338 3506 2475 3579 que
2586 3477 2587 3548 Ὗ

424 3582 686 3683 spiritu
734 3589 874 3668 Dei
908 3602 1271 3687 aguntum
1340 3611 1487 3666 non
1512 3590 1695 3668 lunt
1746 3593 1874 3670 sub
1916 3597 2123 3697 lege,
2187 3595 2468 3694 spiritus

426 3701 616 3776 enim
669 3702 806 3779 Dei
843 3699 1162 3804 alligant
1183 3725 1329 3778 non
1374 3708 1603 3804 potest
1664 3734 1798 3788 nec
1850 3711 2238 3808 impediri,
2302 3736 2463 3811 pro·

423 3822 736 3917 positum
798 3824 1143 3898 divinitus
1202 3821 1644 3919 inspiratum
1700 3845 1782 3906 ut
1840 3857 1894 3906 c.
1953 3831 2104 3906 licet
2159 3834 2239 3908 de
2280 3855 2457 3926 regu.

347 3933 684 4018 ἀὶΐέοε.
722 3938 1040 4040 duesunt
1070 3938 1280 4036 XIX.
1335 3962 1395 4040 q.
1433 3939 1508 4035 ij.

2105 4106 2370 4211 Qinta
