2617 4617
604 311 758 390 ¹92
1259 288 1816 365 *Ma

506 482 783 565 facium
815 481 1085 578 fuerit,
1133 475 1359 582 quise
1387 480 1494 556 illi
1522 480 1861 558 electioni
1899 480 2418 577 opponebant,
2470 496 2534 560 ut

504 606 602 687 ab
635 606 992 706 aliquibus
1021 600 1401 695 asseritur,
1449 599 1916 675 nihilominus
1949 600 2139 676 idem
2180 603 2286 678 est
2327 606 2531 679 omni-

504 742 602 796 no
641 722 1068 817 dicendum,
1116 740 1204 794 ex
1246 735 1389 812 quo
1436 712 1838 788 Concilium
1869 716 2203 791 cumillis
2252 717 2528 821 singulis

503 858 654 915 non
683 837 1047 914 contraxit
1068 886 1093 927 a
1143 830 1263 909 sed
1298 827 1716 926 simpliciter
1747 828 1850 933 ita
1878 852 2015 927 per
2049 828 2247 907 suam
2301 827 2528 930 provi-

493 958 775 1037 {ionem
828 941 1209 1063 disposui-Q
1295 969 1704 1048 quanquam
1763 949 1953 1026 enim
2010 950 2412 1053 singulares
2460 949 2525 1024 de

508 1073 838 1153 Concilio
889 1068 1081 1144 inter
1125 1064 1198 1142 se
1248 1071 1331 1160 g)
1374 1060 1589 1159 super
1632 1063 1823 1139 illius
1869 1066 2009 1142 loci
2053 1067 2528 1145 nominatione

508 1192 994 1287 disceptarent
1030 1184 1100 1262 δι
1137 1205 1275 1281 pro
1321 1183 1510 1257 bono
1565 1184 1949 1258 concordie
2006 1184 2078 1261 in
2122 1184 2250 1261 illa
2298 1184 2529 1262 cedula

506 1309 1028 1400 convenirent,
1076 1307 1257 1383 nihil
1292 1320 1532 1379 tamen
1568 1325 1734 1379 cum
1773 1301 1924 1401 ipso
1960 1302 2158 1383 sacro
2221 1298 2526 1384 Concilio

505 1449 645 1526 per
704 1426 902 1501 viam
944 1419 1139 1520 paffl
1180 1436 1306 1495 aut
1358 1418 1855 1530 conuentionis
1912 1415 2031 1495 seu
2086 1415 2528 1520 obligationis

503 1528 753 1665 gc'tdin
787 1542 926 1635 est,
975 1536 1095 1613 sed
1126 1532 1360 1632 ipsum
1398 1531 1680 1610 sacrum
1702 1534 2105 1611 Concilium
2137 1530 2260 1610 sua
2304 1535 2529 1634 sponte

501 1684 642 1781 per
675 1660 745 1738 se
776 1657 1149 1756 disponens
1184 1654 1252 1731 δι
1288 1678 1461 1730 cum
1486 1656 1688 1730 nullo
1720 1657 2148 1734 contrahens
2176 1657 2282 1733 ita
2318 1655 2529 1752 dispo·

504 1780 689 1872 suit,
734 1799 900 1855 nam
938 1776 1137 1852 aliud
1166 1769 1642 1865 universitas,
1687 1771 1887 1849 aliud
1930 1771 2188 1874 singuli
2248 1776 2345 1851 de
2391 1772 2526 1848 uni·

505 1892 871 1972 versitate.
902 1913 1070 1967 nam
1106 1886 1383 1965 factum
1428 1886 1876 1987 singulorum
1924 1909 2068 1964 non
2112 1889 2524 1964 attribuitur

504 2007 998 2098 universitati..
1048 2001 1317 2081 etiamsi
1351 2023 1594 2079 omnes
1641 2004 1730 2077 de
1769 2001 2235 2079 universitate
2275 2025 2527 2080 conve·

506 2128 749 2204 nirent
789 2124 1035 2215 simul,
1117 2142 1206 2196 ex
1252 2140 1395 2217 quo
1430 2140 1574 2195 non
1622 2114 1783 2195 sunt
1825 2118 2304 2219 collegialiter
2339 2135 2523 2195 more

505 2247 715 2327 solito
747 2241 1170 2346 congregati
1202 2262 1335 2316 nec
1372 2239 1848 2339 collegialiter
1883 2238 2265 2338 disponunt
2308 2256 2392 2315 ut
2429 2234 2519 2313 nb'.

502 2381 628 2464 per
656 2364 837 2465 gl⁰ffi
870 2354 942 2439 ἐξ
980 2360 1178 2439 Doti.
1224 2358 1300 2434 in
1335 2360 1383 2435 l.
1418 2359 1613 2460 ficut.
1653 2358 1745 2455 ffi
1804 2362 2246 2462 quodcunque.
2284 2362 2356 2438 ἀ
2388 2362 2523 2458 ple.

507 2484 670 2560 nius
706 2501 841 2574 per
875 2481 1044 2556 Bar.
1080 2477 1155 2551 in
1178 2476 1225 2549 l.
1272 2489 1400 2548 aut
1416 2472 1616 2572 fasta
1634 2472 1727 2570 ff.
1764 2478 1843 2549 de
1870 2493 1973 2574 pe.
2004 2476 2075 2552 83
2097 2494 2223 2575 per
2253 2478 2518 2563 J0.An.

506 2604 586 2681 in
618 2626 672 2675 c.
689 2598 986 2697 feliciter
1018 2600 1101 2671 de
1119 2613 1224 2695 pe.
1270 2597 1344 2673 li.
1393 2595 1514 2670 VI.
1532 2594 1719 2692 facit
1758 2597 1893 2672 lex.
1930 2595 2211 2695 semper.
2243 2594 2341 2694 ff.
2370 2595 2522 2699 quod

508 2717 584 2793 vi
614 2727 740 2789 aut
768 2712 935 2785 clam
973 2708 1044 2784 &²
1086 2735 1140 2784 c.
1172 2707 1421 2783 liberti.
1458 2708 1632 2783 XII.
1681 2732 1744 2808 q.
1790 2708 1867 2803 ij.
1916 2710 1983 2784 ἃ
2019 2713 2210 2807 quod
2242 2714 2408 2805 plus
2437 2706 2519 2784 est

507 2859 660 2914 non
685 2819 1032 2931 putantur
1064 2828 1171 2904 illi
1200 2827 1460 2928 singuli
1501 2822 1928 2923 pretendere
1958 2831 2030 2905 in
2077 2831 2202 2905 illo
2232 2827 2518 2926 speciale

507 2949 886 3044 interesse,
927 2948 1098 3046 quia
1136 2947 1513 3045 negotium
1558 2961 1714 3021 erat
1757 2948 2179 3055 universalis
2226 2945 2516 3027 Ecclesie

508 3071 581 3149 ἀ
626 3072 767 3148 hoc
795 3066 1031 3163 quoad
1069 3058 1652 3153 universitatem,
1705 3080 1787 3139 ut
1815 3087 1959 3142 non
1987 3063 2197 3161 possit
2247 3062 2381 3139 sibi
2427 3065 2513 3137 le·

506 3214 681 3297 gem
710 3207 843 3289 per
871 3181 1081 3261 suum
1109 3182 1447 3259 statutum
1477 3178 1759 3279 faeere,
1800 3206 1846 3262 a
1879 3206 2019 3285 qua
2045 3184 2385 3261 nonlicet
2414 3202 2512 3259 re·

2213 3294 2425 3373 silire.

507 3512 536 3619 J
592 3509 682 3613 g)
730 3501 944 3584 omiss‘.
996 3505 1129 3576 hoc
1197 3498 1446 3574 fadum
1505 3496 1741 3588 fuerit,
1803 3504 1912 3605 qui
1969 3496 2031 3572 se
2091 3501 2181 3573 iili
2222 3504 2508 3576 elec'iioni

562 3612 596 3636 ⁹
751 3616 1211 3718 opponebant,
1262 3629 1335 3684 ut
1372 3610 1451 3681 ab
1486 3612 1802 3710 aliquibus
1835 3605 2156 3697 asseritur,
2205 3615 2511 3685 nihilomi-

749 3764 870 3811 nus
903 3742 1081 3808 idem
1124 3729 1211 3802 est
1243 3731 1524 3799 omnino
1563 3724 1949 3813 dicendum,
1999 3753 2076 3798 ex
2126 3755 2254 3828 quo
2285 3731 2504 3801 Conci.

746 3853 905 3924 lium
940 3873 1092 3920 cum
1127 3844 1246 3915 illis
1289 3840 1548 3940 singulis
1580 3867 1716 3911 non
1751 3848 2106 3927 contraxit,
2157 3841 2261 3915 sed
2292 3841 2501 3939 simpli·

746 3974 906 4038 citor
944 3968 1031 4032 ita
1070 3984 1188 4058 per
1226 3956 1402 4026 suam
1443 3944 1880 4052 provisionem
1921 3951 2264 4053 disposuit3
2326 3975 2500 4056 quan-

739 4102 935 4184 quam
975 4081 1149 4149 enim
1175 4071 1527 4174 singulares
1557 4068 1639 4166 de
1670 4071 1978 4143 Concilio
2017 4077 2186 4147 inter
2210 4069 2275 4149 se
2305 4077 2422 4147 &c-
