2617 4617
820 301 1377 382 uma,
1869 321 2017 385 22}
2078 258 2085 265 ·

58 517 271 597 quem
291 491 803 575 communiter
841 488 1240 591 lequuntur
1288 489 1679 571 Doctores.
1736 491 1816 569 in
1854 519 1924 570 -.c
1968 516 2119 574 con

56 628 335 710 gregato
379 613 469 686 de
502 612 648 686 elec.
691 628 840 686 non
872 606 1241 724 obstante,
1289 608 1489 704 quod
1533 606 1772 707 major
1809 628 1979 707 pars
2040 609 2120 687 in

56 734 409 812 scrutinio
445 728 934 824 nominaverit
971 727 1395 830 indignum,
1451 729 1626 827 quia
1671 749 1764 806 ex
1802 727 1932 805 illa
1982 744 2122 804 no-

54 850 458 929 minatione
511 869 659 927 non
692 847 1061 940 inducitur
1083 846 1454 946 privatio,
1522 845 1653 928 nifi
1703 848 1920 927 detur
1959 833 2157 938 αιιι·κ

55 980 126 1040 ta
151 964 660 1063 perseveratio
677 1015 728 1057 ,-
752 966 948 1063 quod
971 986 1063 1041 ex
1093 965 1352 1041 eodem
1382 959 1726 1042 scrutinio
1767 961 2115 1063 sequatur

56 1082 467 1158 communis
521 1078 779 1157 eleEtio
823 1094 910 1158 ut
960 1078 1322 1177 probatur
1364 1079 1443 1157 in
1505 1105 1563 1158 c.
1612 1077 1959 1182 perpetue.
2029 1079 2118 1153 de

60 1205 202 1279 elec.
232 1203 307 1279 li.
356 1203 490 1280 VI.
524 1203 625 1278 ita
657 1201 1036 1278 dicendum
1079 1187 1157 1278 in
1198 1198 1619 1299 proposito,
1684 1204 1917 1300 quod.
1948 1200 2125 1279 licet

60 1322 290 1420 major
320 1343 500 1421 pars
535 1321 610 1398 in
644 1318 1230 1418 deputationibus
1269 1321 1595 1400 voluerit
1626 1320 1999 1420 persistere
2036 1321 2121 1400 in

60 1440 296 1539 prima
346 1440 706 1518 electione
762 1438 836 1515 δι
880 1438 1374 1515 nominatione
1418 1438 1718 1518 illorum
1777 1439 2115 1534 locorum

64 1577 146 1632 ac
174 1552 612 1658 disposuerit
648 1555 772 1630 illa
807 1555 967 1631 loca
1002 1552 1271 1632 debere
1312 1554 1721 1654 decreturi,
1768 1575 1914 1632 una
1950 1574 2125 1630 cum

69 1673 342 1750 decima
380 1671 524 1749 dcc.
558 1669 628 1748 ἀ
659 1668 884 1747 fuerit
910 1668 1152 1746 secuta
1182 1667 1549 1750 conclufio
1591 1672 1669 1748 in
1709 1675 2118 1774 congrega-

69 1795 255 1872 tione
292 1794 666 1897 generali‚
750 1805 1067 1869 attamen
1115 1793 1197 1887 d)
1232 1859 1234 1863 Α
1274 1792 1351 1868 in
1413 1793 1933 1871 decretationex
1969 1815 2120 1872 non

74 1917 297 2012 potest
332 1914 478 1993 dici
505 1912 952 2016 potestatem
991 1907 1128 1989 effe
1160 1911 1584 1988 devolutam
1608 1915 1704 1989 ad
1749 1914 2117 1992 minorem

73 2044 396 2126 partem,
448 2026 617 2125 quia
648 2028 767 2100 lex
798 2025 1063 2104 dicitur
1092 2023 1207 2101 edi
1236 2041 1383 2101 non
1416 2023 1492 2101 in
1529 2022 2118 2122 deputationibus

76 2144 287 2224 sedin
323 2146 896 2247 congregatione
947 2142 1309 2243 generali,
1362 2166 1531 2220 cum
1563 2144 1692 2219 illa
1729 2142 1857 2219 fiat
1898 2144 1973 2218 in
2010 2137 2120 2217 se·

83 2276 316 2356 creto,
366 2263 633 2340 &non
663 2257 762 2336 est
791 2259 1032 2349 aliud,
1093 2258 1224 2336 nifi
1269 2258 1661 2364 concordia
1708 2256 1828 2333 seu
1875 2258 2121 2354 dispo-

79 2375 225 2450 fitio
256 2394 340 2475 pt
367 2378 492 2454 lex
537 2377 707 2470 fiat,
752 2373 875 2452 sed
914 2377 1180 2454 dicitur
1214 2380 1333 2452 edi
1361 2428 1389 2470 ,
1436 2399 1603 2455 cum
1641 2374 2112 2475 solempniter

84 2490 153 2565 in
183 2488 474 2568 sessione
522 2490 813 2586 publica
853 2494 1411 2593 promulgatur,
1462 2516 1629 2570 nam
1674 2510 1847 2570 tunc
1876 2492 2115 2572 verba

83 2593 252 2705 legis
314 2606 823 2708 concipiuntur
884 2607 956 2682 ὅτ
1016 2611 1356 2686 eduntur.
1469 2610 1673 2687 Idem
1718 2611 1895 2686 dicit
1958 2625 2109 2691 tex.

88 2724 271 2815 quod
297 2716 499 2825 leges
544 2723 901 2818 eduntur,
967 2746 1134 2800 cum
1183 2727 1751 2828 promulgantur
1787 2726 1946 2806 1111.
2009 2726 2120 2804 di.

88 2843 317 2942 legae,
359 2860 577 2922 antea
625 2845 814 2921 enim
867 2867 1013 2921 non
1058 2847 1157 2922 est
1198 2843 1392 2923 facia
1439 2848 1884 2945 publicatio,
1947 2849 2122 2926 hinc
2249 2821 2259 2835 ⁹

91 2962 272 3037 enim
314 2963 490 3039 dicit
519 2978 667 3038 tex.
704 2964 900 3059 quod
926 2966 1047 3039 lex
1072 2987 1215 3041 non
1240 2964 1495 3063 incipit
1526 2966 1758 3067 ligare
1791 2963 1924 3044 nifi
1959 2969 2137 3061 post>

94 3079 257 3159 duos
287 3082 559 3160 menses
612 3088 770 3182 post
814 3095 1097 3183 tempus
1129 3088 1637 3183 publicationis
1682 3102 1767 3164 ut
1810 3088 1886 3162 in
1935 3079 2117 3159 auff.
2218 3067 2225 3076 ’

92 3194 370 3298 utfac.
372 3211 478 3275 no'.
521 3198 755 3295 Consti.
807 3199 879 3275 83
919 3199 1028 3277 ηδ’.
1077 3201 1261 3300 gloffi
1291 3202 1507 3301 super
1552 3205 1724 3279 data
1768 3202 1896 3279 VI.
1936 3198 2011 3275 li.
2043 3197 2120 3273 Β

92 3289 402 3392 idemno.
449 3315 614 3391 inc.
646 3316 724 3411 ij.
757 3316 1117 3410 dernstz'.
1146 3318 1319 3395 &a
1378 3345 1440 3397 1.
1504 3318 1818 3418 deposta.
1851 3319 2023 3418 prel.
2049 3314 2124 3391 ΕΞ

96 3424 166 3499 in
198 3453 250 3505 c.
282 3436 456 3532 quod
498 3432 725 3509 dicitis
769 3434 980 3510 XVI.
1028 3433 1127 3511 di.
1180 3433 1298 3510 sed
1347 3436 1458 3514 isti
1502 3436 1840 3515 facientes
1888 3437 2125 3512 mino-
2134 3426 2144 3436 ’

99 3560 245 3617 rem
276 3565 560 3642 partem
599 3571 743 3625 non
769 3545 1416 3644 exspeclaverunt‚
1465 3553 1660 3649 quod
1687 3531 1921 3650 major
1950 3570 2122 3645 pars

97 3659 288 3755 prius
317 3662 521 3742 suum
569 3669 939 3742 decretum
972 3661 1332 3760 edidisset,
1382 3665 1503 3743 sed
1539 3666 1588 3742 s
1595 3670 1745 3744 mul
1797 3667 1868 3743 δε
1907 3665 2127 3744 semel

100 3788 481 3878 utrumque
512 3784 885 3862 decretum
919 3781 1346 3881 legebatur,
1392 3785 1622 3879 adeo,
1672 3786 1866 3881 quod
1895 3807 2129 3919 prop-

103 3895 210 3961 ter
247 3891 619 3993 strepitum
642 3913 987 3975 neutrum
1013 3895 1562 3999 intelligebatur
1594 3896 1667 3976 ἀ
1699 3901 1894 4002 quod
1921 3902 2128 3997 prius

190 4092 265 4190 d)
309 4101 527 4178 adium
567 4123 720 4179 ante
769 4101 1301 4180 decretationcm.
1805 4013 2026 4093 finem
