2617 4617
766 279 777 294 .
849 237 921 295 rs
1366 278 1377 290 .
1895 294 2039 392 ἴῃς,

41 476 573 583 Domitiorum
608 474 1032 567 menarum
1065 482 1250 563 sacri
1291 478 1634 593 Imperii,
1703 474 1827 564 sed
1873 485 2145 565 duma)

48 625 205 688 xat
297 602 697 695 declaravit
764 602 1173 681 nullitatern
1239 600 1435 679 illius
1505 597 1975 677 diss‘olutionis
2038 605 2139 680 ηοξ

48 722 300 810 e'tiam
341 726 730 807 insinuavit
766 722 834 800 Q
871 718 1246 819 decrevit,
1324 726 1519 824 quod
1560 726 1735 804 alias
1789 728 2138 805 statutum

50 824 326 931 fuerat
357 845 431 922 in
465 830 756 921 decreto
779 841 910 920 XI.
949 840 1307 942 remonis,
1355 838 1551 947 qnod
1574 840 1870 943 ipsemet
1901 826 2136 945 quon-2

58 970 252 1051 dam
291 962 636 1070 eugenius
677 962 751 1037 in
794 956 920 1037 sua
961 958 1345 1037 adhefione
1399 959 1982 1060 approbaverat,
2052 957 2137 1036 iti

61 1112 231 1190 quo
280 1103 625 1177 cavetur,
676 1081 922 1184 quodfi
959 1083 1205 1181 Papa
1183 1108 1256 1160 m
1300 1082 1638 1167 futurum
1634 1074 2145 1227 'presumeret

63 1207 496 1301 Concilium
532 1226 822 1303 quoque
862 1204 1079 1309 modo
1114 1220 1450 1301 mutare,
1500 1205 1902 1319 impedire,
1957 1224 2139 1305 pro-

66 1336 355 1428 rogare
390 1325 508 1398 vel
542 1314 925 1398 dissolvere
955 1318 1024 1393 Q
1076 1318 1266 1397 infra
1299 1335 1617 1418 quatuor
1646 1319 1918 1400 menses
1958 1336 2141 1445 cum
2223 1348 2227 1353 ·
2342 1312 2349 1319 ”

68 1442 272 1525 reali
317 1438 798 1518 satisfactione
832 1460 976 1517 non
1016 1436 1499 1536 resipisceret,
1555 1461 1646 1517 ex
1686 1457 1859 1517 tunc
1912 1465 1956 1519 a
1998 1465 2137 1543 pa-

68 1557 235 1660 pali
284 1555 897 1635 administratione
946 1549 1098 1651 ipso
1150 1559 1309 1654 jure
1361 1553 1556 1632 foret
1600 1548 2010 1653 suspensuS,
2058 1546 2139 1635 Q
2264 1547 2269 1553 ’

71 1678 139 1757 fi
180 1696 444 1774 penam
503 1668 904 1770 prediaetam
962 1689 1099 1769 per
1151 1670 1330 1747 duos
1370 1666 1667 1751 menses
1685 1674 1847 1770 post
1902 1662 2137 1795 dicius*

75 1812 408 1905 quatuor
438 1793 680 1869 animo
713 1787 1085 1866 sustineret
1125 1788 1462 1867 indurato
1493 1814 1723 1891 usque
1752 1794 1844 1867 ad
1885 1782 2139 1889 priva·

77 1908 364 1987 tionem
395 1906 739 1989 inclusive
771 1920 1025 1983 contra
1057 1907 1363 1983 eundem
1394 1928 1531 2005 per
1565 1908 1966 1985 Concilium
1988 1908 2165 1989 Ge·'·

81 2029 340 2106 nerale
368 2024 922 2123 procederetur.
1020 2021 1131 2099 At
1176 2017 1325 2120 ipse
1373 2025 1735 2122 quondam
1784 2026 2139 2117 Eugenius

3 2140 11 2147 ’
83 2143 363 2222 nedum
412 2138 604 2216 infra
656 2154 970 2236 quatuor
1011 2133 1286 2213 menses
1359 2138 1516 2236 post
1564 2131 1934 2236 sequentes
1984 2162 2138 2220 non

94 2251 445 2348 resipuit,
503 2272 639 2327 nec
696 2243 884 2326 infra
942 2249 1120 2325 duos
1177 2246 1357 2331 a'lios
1402 2250 1669 2330 menses
1719 2253 2179 2353 sequenteS‚‘

88 2368 220 2465 sed
252 2375 342 2450 ad
371 2372 657 2449 acriora
698 2385 955 2447 contra
985 2366 1277 2444 Patres
1256 2392 1332 2446 m
1382 2371 1705 2448 Concilio
1751 2376 2133 2456 existentes

92 2486 454 2591 proceffit
489 2487 917 2585 exponendo
958 2506 1080 2559 eos
1137 2482 1204 2558 Q
1253 2507 1508 2562 eorum
1559 2487 1749 2565 bona
1797 2494 2022 2603 prede
2063 2472 2141 2573 Q

97 2615 403 2698 capture
482 2598 552 2673 Q
610 2600 955 2698 erigendo
1025 2597 1601 2676 conciliabulum
1687 2590 2141 2686 Ferrariense

101 2733 517 2813 contempta
540 2713 985 2811 suspensione
1004 2712 1179 2790 fibi
1162 2714 1486 2803 mrimata
1515 2719 1583 2793 Q
1603 2720 1889 2799 decreta
1921 2746 2149 2822 quam

99 2839 412 2918 incurrit
437 2859 584 2914 non
630 2835 700 2912 se
744 2836 1179 2934 corrigendo
1230 2835 1418 2915 infra
1466 2862 1779 2938 quatuor
1826 2847 2145 2949 menses,

102 2977 241 3032 nec
272 2953 362 3027 ab
413 2950 539 3025 ista
588 2948 866 3028 sacrum
926 2950 1330 3026 Concilium
1377 2953 1546 3030 licet
1591 2958 1968 3060 potuisset,
2014 2988 2147 3041 νο

103 3075 243 3153 luit
300 3088 599 3168 repente
659 3072 752 3155 ad
831 3071 1345 3167 depofitionem
1421 3083 1818 3196 procedere
1874 3082 1995 3162 sed
2048 3086 2148 3164 ad
2202 3132 2207 3139 ·
2326 3118 2333 3141 =

106 3191 460 3292 maiorem
503 3188 1092 3287 probabilitatem
1130 3187 1201 3265 Q
1245 3188 1350 3267 sui
1396 3183 1923 3280 excusationem
1971 3228 2148 3301 pro·

114 3306 374 3391 ceffum
411 3307 859 3383 continuavit
902 3306 1363 3399 inchoatum
1413 3316 1617 3391 testes
1652 3321 2004 3414 plurimos
2034 3321 2152 3400 su-

113 3432 263 3558 per·
309 3422 739 3497 notoreitate
800 3423 1186 3499 criminum
1258 3429 1671 3524 recipiendo
1730 3437 1800 3510 Q
1861 3437 2153 3515 citando.
2212 3442 2223 3447 ’

113 3530 244 3640 fug
248 3541 267 3613 ἰ
271 3557 381 3616 ter
416 3535 643 3636 ipsum
684 3542 1044 3636 quondam
1088 3542 1491 3641 Eugenium
1531 3548 1700 3627 licet
1738 3556 1962 3632 citare
1996 3579 2157 3633 am·-

112 3659 300 3757 plius
352 3681 496 3734 non
550 3653 1020 3752 oportuiffet,
1102 3683 1270 3736 cum
1319 3663 1564 3740 citatio
1625 3673 1861 3766 prima
1915 3666 2158 3753 fuiffet

116 3771 306 3857 facia
335 3774 427 3849 ad
463 3789 686 3848 totam
738 3795 840 3848 ca
834 3772 1077 3867 ιΓιιιιι,
1138 3774 1344 3873 juxta
1389 3803 1528 3858 nos.
1568 3801 1692 3883 per
1728 3788 1931 3868 Inno.
1969 3791 2046 3865 in
2084 3813 2160 3869 c.
2194 3824 2203 3837 =

119 3884 399 3965 bu'clitis.
438 3889 538 3962 de
529 3905 809 3985 procur.
849 3886 915 3962 Q
950 3888 1345 3985 pleniffime
1382 3895 1457 3971 in
1488 3899 1672 3977 Δεὲἕ.
1707 3928 1854 3982 mea
1886 3907 1961 3980 in
1987 3931 2040 3980 c.
2063 3900 2153 4001 fi.

119 3988 395 4080 dadila.
435 4000 507 4080 Q
560 4005 848 4082 tandem
891 4005 1049 4104 post
1099 4005 1367 4087 XXIII.
1411 3992 1684 4098 menses
1722 4044 1769 4099 a
1820 4037 2199 4133 tempore.
2248 4080 2261 4093 ,
2393 4054 2399 4061 -

1879 4158 2059 4219 elta·
